@inbook{breton2018sex,
	title        = {Sex-Determining Mechanisms in Bivalves},
	author       = {Breton, Sophie and Capt, Charlotte and Guerra, Davide and Stewart, Donald},
	year         = 2018,
	journal      = {Transitions between sexual systems: understanding the mechanisms of, and pathways between, dioecy, hermaphroditism and other sexual systems},
	booktitle    = {Transitions Between Sexual Systems: Understanding the Mechanisms of, and Pathways Between, Dioecy, Hermaphroditism and Other Sexual Systems},
	publisher    = {Springer International Publishing},
	address      = {Cham},
	pages        = {165--192},
	editor       = {Leonard, Janet L.}
}
@article{han2022ancient,
	title        = {Ancient homomorphy of molluscan sex chromosomes sustained by reversible sex-biased genes and sex determiner translocation},
	author       = {Han, Wentao and Liu, Liangjie and Wang, Jing and Wei, Huilan and Li, Yuli and Zhang, Lijing and Guo, Zhenyi and Li, Yajuan and Liu, Tian and Zeng, Qifan and others},
	year         = 2022,
	journal      = {Nature Ecology \& Evolution},
	publisher    = {Nature Publishing Group UK London},
	pages        = {1--16}
}
@article{milani2011doubly,
  title={Doubly uniparental inheritance of mitochondria as a model system for studying germ line formation},
  author={Milani, Liliana and Ghiselli, Fabrizio and Maurizii, Maria Gabriella and Passamonti, Marco},
  journal={PLoS One},
  volume={6},
  number={11},
  pages={e28194},
  year={2011},
  publisher={Public Library of Science San Francisco, USA}
}
@article{gusman2016pursuing,
	title        = {Pursuing the quest for better understanding the taxonomic distribution of the system of doubly uniparental inheritance of mtDNA},
	author       = {Gusman, Arthur and Lecomte, Sophia and Stewart, Donald T and Passamonti, Marco and Breton, Sophie},
	year         = 2016,
	journal      = {PeerJ},
	publisher    = {PeerJ Inc.},
	volume       = 4,
	pages        = {e2760}
}
@article{capt2020unorthodox,
	title        = {Unorthodox features in two venerid bivalves with doubly uniparental inheritance of mitochondria},
	author       = {Capt, Charlotte and Bouvet, Karim and Guerra, Davide and Robicheau, Brent M and Stewart, Donald T and Pante, Eric and Breton, Sophie},
	year         = 2020,
	journal      = {Scientific reports},
	publisher    = {Nature Publishing Group UK London},
	volume       = 10,
	number       = 1,
	pages        = 1087
}
@article{ghiselli2013structure,
	title        = {Structure, transcription, and variability of metazoan mitochondrial genome: perspectives from an unusual mitochondrial inheritance system},
	author       = {Ghiselli, Fabrizio and Milani, Liliana and Guerra, Davide and Chang, Peter L and Breton, Sophie and Nuzhdin, Sergey V and Passamonti, Marco},
	year         = 2013,
	journal      = {Genome biology and evolution},
	publisher    = {Oxford University Press},
	volume       = 5,
	number       = 8,
	pages        = {1535--1554}
}
@article{breton2022did,
	title        = {Did doubly uniparental inheritance (DUI) of mtDNA originate as a cytoplasmic male sterility (CMS) system?},
	author       = {Breton, Sophie and Stewart, Donald T and Br{\'e}maud, Julie and Havird, Justin C and Smith, Chase H and Hoeh, Walter R},
	year         = 2022,
	journal      = {BioEssays},
	publisher    = {Wiley Online Library},
	volume       = 44,
	number       = 4,
	pages        = 2100283
}
@article{uller2011origin,
  title={From the origin of sex-determining factors to the evolution of sex-determining systems},
  author={Uller, Tobias and Helanter{\"a}, Heikki},
  journal={The Quarterly review of biology},
  volume={86},
  number={3},
  pages={163--180},
  year={2011},
  publisher={The University of Chicago Press}
}
@article{milani2013nuclear,
	title        = {Nuclear genes with sex bias in \textit{Ruditapes philippinarum} (Bivalvia, Veneridae): mitochondrial inheritance and sex determination in DUI species},
	author       = {Milani, Liliana and Ghiselli, Fabrizio and Nuzhdin, Sergey V and Passamonti, Marco},
	year         = 2013,
	journal      = {Journal of Experimental Zoology Part B: Molecular and Developmental Evolution},
	publisher    = {Wiley Online Library},
	volume       = 320,
	number       = 7,
	pages        = {442--454}
}
@article{parsch2013evolutionary,
	title        = {The evolutionary causes and consequences of sex-biased gene expression},
	author       = {Parsch, John and Ellegren, Hans},
	year         = 2013,
	journal      = {Nature Reviews Genetics},
	publisher    = {Nature Publishing Group UK London},
	volume       = 14,
	number       = 2,
	pages        = {83--87}
}
@article{grath2016sex,
	title        = {Sex-biased gene expression},
	author       = {Grath, Sonja and Parsch, John},
	year         = 2016,
	journal      = {Annual review of genetics},
	publisher    = {Annual Reviews},
	volume       = 50,
	pages        = {29--44}
}
@article{kalyaanamoorthy2017modelfinder,
	title        = {ModelFinder: fast model selection for accurate phylogenetic estimates},
	author       = {Kalyaanamoorthy, Subha and Minh, Bui Quang and Wong, Thomas KF and Von Haeseler, Arndt and Jermiin, Lars S},
	year         = 2017,
	journal      = {Nature methods},
	publisher    = {Nature Publishing Group US New York},
	volume       = 14,
	number       = 6,
	pages        = {587--589}
}
@article{naimi2009identification,
	title        = {Identification and expression of a factor of the DM family in the oyster \textit{Crassostrea gigas}},
	author       = {Naimi, Amine and Martinez, Anne-Sophie and Specq, Marie-Laure and Mrac, Abdellah and Diss, Blandine and Mathieu, Michel and Sourdaine, Pascal},
	year         = 2009,
	journal      = {Comparative Biochemistry and Physiology Part A: Molecular \& Integrative Physiology},
	publisher    = {Elsevier},
	volume       = 152,
	number       = 2,
	pages        = {189--196}
}
@article{naimi2009molecular,
	title        = {Molecular cloning and gene expression of \textit{Cg-Foxl2} during the development and the adult gametogenetic cycle in the oyster \textit{Crassostrea gigas}},
	author       = {Naimi, Amine and Martinez, Anne-Sophie and Specq, Marie-Laure and Diss, Blandine and Mathieu, Michel and Sourdaine, Pascal},
	year         = 2009,
	journal      = {Comparative Biochemistry and Physiology Part B: Biochemistry and Molecular Biology},
	publisher    = {Elsevier},
	volume       = 154,
	number       = 1,
	pages        = {134--142}
}
@article{wang2022transcriptome,
	title        = {Transcriptome sequencing analysis of sex-related genes and miRNAs in the gonads of \textit{Mytilus coruscus}},
	author       = {Wang, Min and Xia, Jiao and Jawad, Muhammad and Wei, Wenbo and Gui, Lang and Liang, Xiao and Yang, Jin-Long and Li, Mingyou},
	year         = 2022,
	journal      = {Frontiers in Marine Science},
	publisher    = {Frontiers},
	volume       = 9,
	pages        = 1013857
}
@article{yue2021variance,
	title        = {Variance in expression and localization of sex-related genes \textit{CgDsx}, \textit{CgBHMG1} and \textit{CgFoxl2} during diploid and triploid Pacific oyster \textit{Crassostrea gigas} gonad differentiation},
	author       = {Yue, Chenyang and Li, Qi and Yu, Hong},
	year         = 2021,
	journal      = {Gene},
	publisher    = {Elsevier},
	volume       = 790,
	pages        = 145692
}
@article{capella2009trimal,
	title        = {trimAl: a tool for automated alignment trimming in large-scale phylogenetic analyses},
	author       = {Capella-Guti{\'e}rrez, Salvador and Silla-Mart{\'\i}nez, Jos{\'e} M and Gabald{\'o}n, Toni},
	year         = 2009,
	journal      = {Bioinformatics},
	publisher    = {Oxford University Press},
	volume       = 25,
	number       = 15,
	pages        = {1972--1973}
}
@article{willson2022disco,
	title        = {DISCO: species tree inference using multicopy gene family tree decomposition},
	author       = {Willson, James and Roddur, Mrinmoy Saha and Liu, Baqiao and Zaharias, Paul and Warnow, Tandy},
	year         = 2022,
	journal      = {Systematic biology},
	publisher    = {Oxford University Press},
	volume       = 71,
	number       = 3,
	pages        = {610--629}
}
@article{emms2019orthofinder,
	title        = {OrthoFinder: phylogenetic orthology inference for comparative genomics},
	author       = {Emms, David M and Kelly, Steven},
	year         = 2019,
	journal      = {Genome biology},
	publisher    = {Springer},
	volume       = 20,
	pages        = {1--14}
}
@article{bewick2011evolution,
	title        = {Evolution of the closely related, sex-related genes \textit{DM-W} and \textit{DMRT1} in African clawed frogs (\textit{Xenopus})},
	author       = {Bewick, Adam J and Anderson, Dave W and Evans, Ben J},
	year         = 2011,
	journal      = {Evolution},
	publisher    = {Blackwell Publishing Inc Malden, USA},
	volume       = 65,
	number       = 3,
	pages        = {698--712}
}
@article{baral2019genetic,
	title        = {Genetic architecture and sex-specific selection govern modular, male-biased evolution of \textit{doublesex}},
	author       = {Baral, Saurav and Arumugam, Gandhimathi and Deshmukh, Riddhi and Kunte, Krushnamegh},
	year         = 2019,
	journal      = {Science advances},
	publisher    = {American Association for the Advancement of Science},
	volume       = 5,
	number       = 5,
	pages        = {eaau3753}
}
@article{ghiselli2018comparative,
	title        = {Comparative transcriptomics in two bivalve species offers different perspectives on the evolution of sex-biased genes},
	author       = {Ghiselli, Fabrizio and Iannello, Mariangela and Puccio, Guglielmo and Chang, Peter L and Plazzi, Federico and Nuzhdin, Sergey V and Passamonti, Marco},
	year         = 2018,
	journal      = {Genome Biology and Evolution},
	publisher    = {Oxford University Press},
	volume       = 10,
	number       = 6,
	pages        = {1389--1402}
}
@article{papa2017rapid,
	title        = {Rapid evolution of female-biased genes among four species of \textit{Anopheles} malaria mosquitoes},
	author       = {Papa, Francesco and Windbichler, Nikolai and Waterhouse, Robert M and Cagnetti, Alessia and D'Amato, Rocco and Persampieri, Tania and Lawniczak, Mara KN and Nolan, Tony and Papathanos, Philippos Aris},
	year         = 2017,
	journal      = {Genome research},
	publisher    = {Cold Spring Harbor Lab},
	volume       = 27,
	number       = 9,
	pages        = {1536--1548}
}
@article{li2018foxl2,
	title        = {\textit{FOXL2} and \textit{DMRT1L} are yin and yang genes for determining timing of sex differentiation in the bivalve mollusk \textit{Patinopecten yessoensis}},
	author       = {Li, Ruojiao and Zhang, Lingling and Li, Wanru and Zhang, Yang and Li, Yangping and Zhang, Meiwei and Zhao, Liang and Hu, Xiaoli and Wang, Shi and Bao, Zhenmin},
	year         = 2018,
	journal      = {Frontiers in Physiology},
	publisher    = {Frontiers Media SA},
	volume       = 9,
	pages        = 1166
}
@article{evensen2022comparative,
	title        = {Comparative phylotranscriptomics reveals putative sex differentiating genes across eight diverse bivalve species},
	author       = {Evensen, K Garrett and Robinson, William E and Krick, Keegan and Murray, Harry M and Poynton, Helen C},
	year         = 2022,
	journal      = {Comparative Biochemistry and Physiology Part D: Genomics and Proteomics},
	publisher    = {Elsevier},
	volume       = 41,
	pages        = 100952
}
@article{perez2011cytogenetic,
  title={Cytogenetic characterization of the invasive mussel species Xenostrobus securis Lmk.(Bivalvia: Mytilidae)},
  author={Perez-Garcia, Concepcion and Moran, Paloma and Pasantes, Juan J},
  journal={Genome},
  volume={54},
  number={09},
  pages={771--778},
  year={2011},
  publisher={NRC Research Press}
}
@article{natsidis2021systematic,
  title={Systematic errors in orthology inference and their effects on evolutionary analyses},
  author={Natsidis, Paschalis and Kapli, Paschalia and Schiffer, Philipp H and Telford, Maximilian J},
  journal={Iscience},
  volume={24},
  number={2},
  year={2021},
  publisher={Elsevier}
}
@article{lozano2022practical,
  title={A practical guide to design and assess a phylogenomic study},
  author={Lozano-Fernandez, Jesus},
  journal={Genome Biology and Evolution},
  volume={14},
  number={9},
  pages={evac129},
  year={2022},
  publisher={Oxford University Press}
}
@article{wang2020identification,
	title        = {Identification of \textit{Foxl2} in freshwater mussel \textit{Hyriopsis cumingii} and its involvement in sex differentiation},
	author       = {Wang, Guiling and Dong, Saisai and Guo, Pengfei and Cui, Xiaoyu and Duan, Shenghua and Li, Jiale},
	year         = 2020,
	journal      = {Gene},
	publisher    = {Elsevier},
	volume       = 754,
	pages        = 144853
}
@article{bolger2014trimmomatic,
	title        = {Trimmomatic: a flexible trimmer for Illumina sequence data},
	author       = {Bolger, Anthony M and Lohse, Marc and Usadel, Bjoern},
	year         = 2014,
	journal      = {Bioinformatics},
	publisher    = {Oxford University Press},
	volume       = 30,
	number       = 15,
	pages        = {2114--2120}
}
@article{dobin2013star,
	title        = {STAR: ultrafast universal RNA-seq aligner},
	author       = {Dobin, Alexander and Davis, Carrie A and Schlesinger, Felix and Drenkow, Jorg and Zaleski, Chris and Jha, Sonali and Batut, Philippe and Chaisson, Mark and Gingeras, Thomas R},
	year         = 2013,
	journal      = {Bioinformatics},
	publisher    = {Oxford University Press},
	volume       = 29,
	number       = 1,
	pages        = {15--21}
}
@article{woods1932sphaerium,
	title        = {Keimbahn determinants and continuity of the germ cells in \textit{Sphaerium striatinum} (Lam.)},
	author       = {Woods, Farris H},
	year         = 1932,
	journal      = {Journal of Morphology},
	publisher    = {Wiley Online Library},
	volume       = 53,
	number       = 2,
	pages        = {345--365}
}
@article{obata2010PCGproliferation,
	title        = {The proliferation and migration of immature germ cells in the mussel, \textit{Mytilus galloprovincialis}: observation of the expression pattern in the \textit{M. galloprovincialis} \textit{vasa}-like gene (\textit{Myvlg}) by in situ hybridization},
	author       = {Obata, Mayu and Sano, Natsumi and Kimata, Shunsuke and Nagasawa, Kazue and Yoshizaki, Goro and Komaru, Akira},
	year         = 2010,
	journal      = {Development genes and evolution},
	publisher    = {Springer},
	volume       = 220,
	pages        = {139--149}
}
@article{fabioux2004oysterAdult,
	title        = {The oyster vasa-like gene: a specific marker of the germline in \textit{Crassostrea gigas}},
	author       = {Fabioux, Caroline and Pouvreau, St{\'e}phane and Le Roux, Fr{\'e}d{\'e}rique and Huvet, Arnaud},
	year         = 2004,
	journal      = {Biochemical and biophysical research communications},
	publisher    = {Elsevier},
	volume       = 315,
	number       = 4,
	pages        = {897--904}
}
@article{milani2017vasa,
	title        = {VASA expression suggests shared germ line dynamics in bivalve molluscs},
	author       = {Milani, Liliana and Pecci, Andrea and Ghiselli, Fabrizio and Passamonti, Marco and Bettini, Simone and Franceschini, Valeria and Maurizii, Maria Gabriella},
	year         = 2017,
	journal      = {Histochemistry and Cell Biology},
	publisher    = {Springer},
	volume       = 148,
	pages        = {157--171}
}
@article{kakoi2008vasaSaccostrea,
	title        = {Early development of the Japanese spiny oyster (\textit{Saccostrea kegaki}): characterization of some genetic markers},
	author       = {Kakoi, Shota and Kin, Koryu and Miyazaki, Katsumi and Wada, Hiroshi},
	year         = 2008,
	journal      = {Zoological science},
	publisher    = {BioOne},
	volume       = 25,
	number       = 5,
	pages        = {455--464}
}
@article{swartz2008vasaIlyanessa,
	title        = {Localization of Vasa mRNA during early cleavage of the snail \textit{Ilyanassa}},
	author       = {Swartz, S Zachary and Chan, Xin Yi and Lambert, J David},
	year         = 2008,
	journal      = {Development genes and evolution},
	publisher    = {Springer},
	volume       = 218,
	pages        = {107--113}
}
@article{kranz2010vasaHaliotis,
	title        = {Identifying the germline in an equally cleaving mollusc: \textit{Vasa} and \textit{Nanos} expression during embryonic and larval development of the vetigastropod \textit{Haliotis asinina}},
	author       = {Kranz, Alexandrea M and Tollenaere, Alina and Norris, Belinda J and Degnan, Bernard M and Degnan, Sandie M},
	year         = 2010,
	journal      = {Journal of Experimental Zoology Part B: Molecular and Developmental Evolution},
	publisher    = {Wiley Online Library},
	volume       = 314,
	number       = 4,
	pages        = {267--279}
}
@article{fabioux2004oysterEmbryo,
	title        = {Oyster \textit{vasa}-like gene as a marker of the germline cell development in \textit{Crassostrea gigas}},
	author       = {Fabioux, Caroline and Huvet, Arnaud and Lelong, C and Robert, Rene and Pouvreau, Stephane and Daniel, Jean-Yves and Minguant, C and Le Pennec, M},
	year         = 2004,
	journal      = {Biochemical and biophysical research communications},
	publisher    = {Elsevier},
	volume       = 320,
	number       = 2,
	pages        = {592--598}
}
@article{bertocchini2016germline,
	title        = {Germline development in amniotes: A paradigm shift in primordial germ cell specification},
	author       = {Bertocchini, Federica and Chuva de Sousa Lopes, Susana M},
	year         = 2016,
	journal      = {BioEssays},
	publisher    = {Wiley Online Library},
	volume       = 38,
	number       = 8,
	pages        = {791--800}
}
@article{saavedra1997mytilus,
	title        = {Male-dependent doubly uniparental inheritance of mitochondrial DNA and female-dependent sex-ratio in the mussel \textit{Mytilus galloprovincialis}},
	author       = {Saavedra, Carlos and Reyero, Mar{\'\i}a-Isabel and Zouros, Eleftherios},
	year         = 1997,
	journal      = {Genetics},
	publisher    = {Oxford University Press},
	volume       = 145,
	number       = 4,
	pages        = {1073--1082}
}
@article{richardson2023comparativeSex,
	title        = {Comparative developmental genomics of sex-biased gene expression in early embryogenesis across mammals},
	author       = {Richardson, Victorya and Engel, Nora and Kulathinal, Rob J},
	year         = 2023,
	journal      = {Biology of sex Differences},
	publisher    = {Springer},
	volume       = 14,
	number       = 1,
	pages        = 30
}
@article{choi2018hcr3,
	title        = {Third-generation in situ hybridization chain reaction: multiplexed, quantitative, sensitive, versatile, robust},
	author       = {Choi, Harry MT and Schwarzkopf, Maayan and Fornace, Mark E and Acharya, Aneesh and Artavanis, Georgios and Stegmaier, Johannes and Cunha, Alexandre and Pierce, Niles A},
	year         = 2018,
	journal      = {Development},
	publisher    = {The Company of Biologists Ltd},
	volume       = 145,
	number       = 12,
	pages        = {dev165753}
}
@article{kuehn2022probegenerator,
	title        = {Segment number threshold determines juvenile onset of germline cluster expansion in \textit{Platynereis dumerilii}},
	author       = {Kuehn, Emily and Clausen, David S and Null, Ryan W and Metzger, Bria M and Willis, Amy D and {\"O}zpolat, B Duygu},
	year         = 2022,
	journal      = {Journal of Experimental Zoology Part B: Molecular and Developmental Evolution},
	publisher    = {Wiley Online Library},
	volume       = 338,
	number       = 4,
	pages        = {225--240}
}
@article{pertea2015stringtie,
	title        = {StringTie enables improved reconstruction of a transcriptome from RNA-seq reads},
	author       = {Pertea, Mihaela and Pertea, Geo M and Antonescu, Corina M and Chang, Tsung-Cheng and Mendell, Joshua T and Salzberg, Steven L},
	year         = 2015,
	journal      = {Nature biotechnology},
	publisher    = {Nature Publishing Group US New York},
	volume       = 33,
	number       = 3,
	pages        = {290--295}
}
@article{extavour2007evolutionGermline,
	title        = {Evolution of the bilaterian germ line: lineage origin and modulation of specification mechanisms},
	author       = {Extavour, Cassandra GM},
	year         = 2007,
	journal      = {Integrative and comparative biology},
	publisher    = {Oxford University Press},
	volume       = 47,
	number       = 5,
	pages        = {770--785}
}
@article{obata2012PCGspecification_molluscs,
	title        = {The mechanisms of primordial germ cell determination during embryogenesis in molluscan species},
	author       = {Obata, M and Komaru, A},
	year         = 2012,
	journal      = {Invertebrate Survival Journal},
	volume       = 9,
	number       = 2,
	pages        = {223--229}
}
@article{cao2004differential,
	title        = {Differential segregation patterns of sperm mitochondria in embryos of the blue mussel (\textit{Mytilus edulis})},
	author       = {Cao, Liqin and Kenchington, Ellen and Zouros, Eleftherios},
	year         = 2004,
	journal      = {Genetics},
	publisher    = {Oxford University Press},
	volume       = 166,
	number       = 2,
	pages        = {883--894}
}
@article{obata2005specific,
	title        = {Specific location of sperm mitochondria in mussel \textit{Mytilus galloprovincialis} zygotes stained by MitoTracker},
	author       = {Obata, Mayu and Komaru, Akira},
	year         = 2005,
	journal      = {Development, growth \& differentiation},
	publisher    = {Wiley Online Library},
	volume       = 47,
	number       = 4,
	pages        = {255--263}
}
@book{helm2004hatchery,
	title        = {Hatchery culture of bivalves: a practical manual},
	author       = {Helm, Michael M and Bourne, Neil and Lovatelli, Alessandro},
	year         = 2004
}
@article{kenchington2009dui,
	title        = {Paternal mtDNA and maleness are co-inherited but not causally linked in mytilid mussels},
	author       = {Kenchington, Ellen L and Hamilton, Lorraine and Cogswell, Andrew and Zouros, Eleftherios},
	year         = 2009,
	journal      = {PLoS One},
	publisher    = {Public Library of Science San Francisco, USA},
	volume       = 4,
	number       = 9,
	pages        = {e6976}
}
@article{conesa2006masigpro,
	title        = {maSigPro: a method to identify significantly differential expression profiles in time-course microarray experiments},
	author       = {Conesa, Ana and Nueda, Mar{\'\i}a Jos{\'e} and Ferrer, Alberto and Tal{\'o}n, Manuel},
	year         = 2006,
	journal      = {Bioinformatics},
	publisher    = {Oxford University Press},
	volume       = 22,
	number       = 9,
	pages        = {1096--1102}
}
@article{love2014deseq2,
	title        = {Moderated estimation of fold change and dispersion for RNA-seq data with DESeq2},
	author       = {Love, Michael I and Huber, Wolfgang and Anders, Simon},
	year         = 2014,
	journal      = {Genome biology},
	publisher    = {BioMed Central},
	volume       = 15,
	number       = 12,
	pages        = {1--21}
}
@article{pertea2016stringtie,
	title        = {Transcript-level expression analysis of RNA-seq experiments with HISAT, StringTie and Ballgown},
	author       = {Pertea, Mihaela and Kim, Daehwan and Pertea, Geo M and Leek, Jeffrey T and Salzberg, Steven L},
	year         = 2016,
	journal      = {Nature protocols},
	publisher    = {Nature Publishing Group},
	volume       = 11,
	number       = 9,
	pages        = {1650--1667}
}
@misc{andrews2010fastqc,
	title        = {FastQC: a quality control tool for high throughput sequence data},
	author       = {Andrews, Simon and others},
	year         = 2010,
	publisher    = {Babraham Bioinformatics, Babraham Institute, Cambridge, United Kingdom}
}
@article{miglioli2024hcrMytilus,
	title        = {The Mediterranean mussel \textit{Mytilus galloprovincialis}: a novel model for developmental studies in mollusks},
	author       = {Miglioli, Angelica and Tredez, Marion and Boosten, Manon and Sant, Camille and Carvalho, Jo{\~a}o E and Dru, Philippe and Canesi, Laura and Schubert, Michael and Dumollard, R{\'e}mi},
	year         = 2024,
	journal      = {Development},
	publisher    = {The Company of Biologists Ltd},
	volume       = 151,
	number       = 4,
	pages        = {dev202256}
}
@article{sun2022examination,
	title        = {Examination of the roles of \textit{Foxl2} and \textit{Dmrt1} in sex differentiation and gonadal development of oysters by using RNA interference},
	author       = {Sun, Dongfang and Yu, Hong and Li, Qi},
	year         = 2022,
	journal      = {Aquaculture},
	publisher    = {Elsevier},
	volume       = 548,
	pages        = 737732
}
@article{liang2019sox2,
	title        = {\textit{SOX2} participates in spermatogenesis of Zhikong scallop \textit{Chlamys farreri}},
	author       = {Liang, Shaoshuai and Liu, Danwen and Li, Xixi and Wei, Maokai and Yu, Xiaohan and Li, Qi and Ma, Huixin and Zhang, Zhifeng and Qin, Zhenkui},
	year         = 2019,
	journal      = {Scientific Reports},
	publisher    = {Nature Publishing Group UK London},
	volume       = 9,
	number       = 1,
	pages        = 76
}
@book{beukeboom2014evolution,
	title        = {The evolution of sex determination},
	author       = {Beukeboom, Leo W and Perrin, Nicolas},
	year         = 2014,
	publisher    = {Oxford University Press}
}
@article{shi2018proteome,
	title        = {Proteome and transcriptome analysis of ovary, intersex gonads, and testis reveals potential key sex reversal/differentiation genes and mechanism in scallop \textit{Chlamys nobilis}},
	author       = {Shi, Yu and Liu, Wenguang and He, Maoxian},
	year         = 2018,
	journal      = {Marine Biotechnology},
	publisher    = {Springer},
	volume       = 20,
	pages        = {220--245}
}
@article{meisel2013faster,
  title={The faster-X effect: integrating theory and data},
  author={Meisel, Richard P and Connallon, Tim},
  journal={Trends in genetics},
  volume={29},
  number={9},
  pages={537--544},
  year={2013},
  publisher={Elsevier}
}
@article{cutter2005sexual,
  title={Sexual and temporal dynamics of molecular evolution in C. elegans development},
  author={Cutter, Asher D and Ward, Samuel},
  journal={Molecular Biology and Evolution},
  volume={22},
  number={1},
  pages={178--188},
  year={2005},
  publisher={Oxford University Press}
}
@article{kousathanas2014faster,
  title={Faster-X adaptive protein evolution in house mice},
  author={Kousathanas, Athanasios and Halligan, Daniel L and Keightley, Peter D},
  journal={Genetics},
  volume={196},
  number={4},
  pages={1131--1143},
  year={2014},
  publisher={Oxford University Press}
}
@article{khaitovich2005parallel,
  title={Parallel patterns of evolution in the genomes and transcriptomes of humans and chimpanzees},
  author={Khaitovich, Philipp and Hellmann, Ines and Enard, Wolfgang and Nowick, Katja and Leinweber, Marcus and Franz, Henriette and Weiss, Gunter and Lachmann, Michael and Paabo, Svante},
  journal={Science},
  volume={309},
  number={5742},
  pages={1850--1854},
  year={2005},
  publisher={American Association for the Advancement of Science}
}
@article{eads2007profiling,
  title={Profiling sex-biased gene expression during parthenogenetic reproduction in Daphnia pulex},
  author={Eads, Brian D and Colbourne, John K and Bohuski, Elizabeth and Andrews, Justen},
  journal={BMC genomics},
  volume={8},
  pages={1--14},
  year={2007},
  publisher={Springer}
}
@article{purandare2014accelerated,
  title={Accelerated evolution of morph-biased genes in pea aphids},
  author={Purandare, Swapna R and Bickel, Ryan D and Jaquiery, Julie and Rispe, Claude and Brisson, Jennifer A},
  journal={Molecular biology and evolution},
  volume={31},
  number={8},
  pages={2073--2083},
  year={2014},
  publisher={Oxford University Press}
}
@article{wang2015nasonia,
  title={Genetic and epigenetic architecture of sex-biased expression in the jewel wasps Nasonia vitripennis and giraulti},
  author={Wang, Xu and Werren, John H and Clark, Andrew G},
  journal={Proceedings of the National Academy of Sciences},
  volume={112},
  number={27},
  pages={E3545--E3554},
  year={2015},
  publisher={National Acad Sciences}
}
@article{vicoso2006evolutionXchrom,
  title={Evolution on the X chromosome: unusual patterns and processes},
  author={Vicoso, Beatriz and Charlesworth, Brian},
  journal={Nature Reviews Genetics},
  volume={7},
  number={8},
  pages={645--653},
  year={2006},
  publisher={Nature Publishing Group UK London}
}
@article{mank2007fastZ,
  title={Fast-X on the Z: rapid evolution of sex-linked genes in birds},
  author={Mank, Judith E and Axelsson, Erik and Ellegren, Hans},
  journal={Genome Research},
  volume={17},
  number={5},
  pages={618--624},
  year={2007},
  publisher={Cold Spring Harbor Lab}
}
@article{papa2017anopheles,
  title={Rapid evolution of female-biased genes among four species of Anopheles malaria mosquitoes},
  author={Papa, Francesco and Windbichler, Nikolai and Waterhouse, Robert M and Cagnetti, Alessia and D'Amato, Rocco and Persampieri, Tania and Lawniczak, Mara KN and Nolan, Tony and Papathanos, Philippos Aris},
  journal={Genome research},
  volume={27},
  number={9},
  pages={1536--1548},
  year={2017},
  publisher={Cold Spring Harbor Lab}
}
@article{stothard2003sex,
  title={Sex-determination gene and pathway evolution in nematodes},
  author={Stothard, Paul and Pilgrim, Dave},
  journal={Bioessays},
  volume={25},
  number={3},
  pages={221--231},
  year={2003},
  publisher={Wiley Online Library}
}
@article{verhulst2010insect,
  title={Insect sex determination: it all evolves around transformer},
  author={Verhulst, Eveline C and van de Zande, Louis and Beukeboom, Leo W},
  journal={Current opinion in genetics \& development},
  volume={20},
  number={4},
  pages={376--383},
  year={2010},
  publisher={Elsevier}
}
@article{marshall2010homologies,
	title        = {Are homologies in vertebrate sex determination due to shared ancestry or to limited options?},
	author       = {Marshall Graves, Jennifer A and Peichel, Catherine L},
	year         = 2010,
	journal      = {Genome biology},
	publisher    = {Springer},
	volume       = 11,
	pages        = {1--12}
}
@article{capt2018deciphering,
	title        = {Deciphering the link between doubly uniparental inheritance of mtDNA and sex determination in bivalves: clues from comparative transcriptomics},
	author       = {Capt, Charlotte and Renaut, S{\'e}bastien and Ghiselli, Fabrizio and Milani, Liliana and Johnson, Nathan A and Sietman, Bernard E and Stewart, Donald T and Breton, Sophie},
	year         = 2018,
	journal      = {Genome biology and evolution},
	publisher    = {Oxford University Press},
	volume       = 10,
	number       = 2,
	pages        = {577--590}
}
@article{milani2014paternally,
	title        = {Paternally transmitted mitochondria express a new gene of potential viral origin},
	author       = {Milani, Liliana and Ghiselli, Fabrizio and Maurizii, Maria Gabriella and Nuzhdin, Sergey V and Passamonti, Marco},
	year         = 2014,
	journal      = {Genome biology and evolution},
	publisher    = {Oxford University Press},
	volume       = 6,
	number       = 2,
	pages        = {391--405}
}
@article{milani2020faraway,
	title        = {Faraway, so close. The comparative method and the potential of non-model animals in mitochondrial research},
	author       = {Milani, Liliana and Ghiselli, Fabrizio},
	year         = 2020,
	journal      = {Philosophical Transactions of the Royal Society B},
	publisher    = {The Royal Society},
	volume       = 375,
	number       = 1790,
	pages        = 20190186
}
@article{ghiselli2021bivalve,
	title        = {Bivalve molluscs as model systems for studying mitochondrial biology},
	author       = {Ghiselli, Fabrizio and Iannello, Mariangela and Piccinini, Giovanni and Milani, Liliana},
	year         = 2021,
	journal      = {Integrative and Comparative Biology},
	publisher    = {Oxford University Press},
	volume       = 61,
	number       = 5,
	pages        = {1699--1714}
}
@article{tree2014tree,
	title        = {Tree of sex: a database of sexual systems},
	author       = {Tree of Sex Consortium and others},
	year         = 2014,
	journal      = {Scientific Data},
	publisher    = {Nature Publishing Group},
	volume       = 1
}
@article{bachtrog2014sex,
	title        = {Sex determination: why so many ways of doing it?},
	author       = {Bachtrog, Doris and Mank, Judith E and Peichel, Catherine L and Kirkpatrick, Mark and Otto, Sarah P and Ashman, Tia-Lynn and Hahn, Matthew W and Kitano, Jun and Mayrose, Itay and Ming, Ray and others},
	year         = 2014,
	journal      = {PLoS biology},
	publisher    = {Public Library of Science},
	volume       = 12,
	number       = 7,
	pages        = {e1001899}
}
@article{capel2017vertebrate,
	title        = {Vertebrate sex determination: evolutionary plasticity of a fundamental switch},
	author       = {Capel, Blanche},
	year         = 2017,
	journal      = {Nature Reviews Genetics},
	publisher    = {Nature Publishing Group UK London},
	volume       = 18,
	number       = 11,
	pages        = {675--689}
}
@article{collin2013phylogenetic,
	title        = {Phylogenetic patterns and phenotypic plasticity of molluscan sexual systems},
	author       = {Collin, Rachel},
	year         = 2013,
	journal      = {Integrative and Comparative Biology},
	publisher    = {Oxford University Press},
	volume       = 53,
	number       = 4,
	pages        = {723--735}
}
@article{abbott2011intra,
	title        = {Intra-locus sexual conflict and sexually antagonistic genetic variation in hermaphroditic animals},
	author       = {Abbott, Jessica K},
	year         = 2011,
	journal      = {Proceedings of the Royal Society B: Biological Sciences},
	publisher    = {The Royal Society},
	volume       = 278,
	number       = 1703,
	pages        = {161--169}
}
@article{xu2022multi,
	title        = {Multi-tissue RNA-Seq analysis and long-read-based genome assembly reveal complex sex-specific gene regulation and molecular evolution in the Manila clam},
	author       = {Xu, Ran and Martelossi, Jacopo and Smits, Morgan and Iannello, Mariangela and Peruzza, Luca and Babbucci, Massimiliano and Milan, Massimo and Dunham, Joseph P and Breton, Sophie and Milani, Liliana and others},
	year         = 2022,
	journal      = {Genome Biology and Evolution},
	publisher    = {Oxford University Press US},
	volume       = 14,
	number       = 12,
	pages        = {evac171}
}
@article{xu2022lack,
	title        = {Lack of transcriptional coordination between mitochondrial and nuclear oxidative phosphorylation genes in the presence of two divergent mitochondrial genomes},
	author       = {Xu, Ran and Iannello, Mariangela and Havird, Justin C and Milani, Liliana and Ghiselli, Fabrizio},
	year         = 2022,
	journal      = {Zoological Research},
	publisher    = {Editorial Office of Zoological Research, Kunming Institute of Zoology, The~…},
	volume       = 43,
	number       = 1,
	pages        = 111
}
@article{manni2021busco,
	title        = {BUSCO update: novel and streamlined workflows along with broader and deeper phylogenetic coverage for scoring of eukaryotic, prokaryotic, and viral genomes},
	author       = {Manni, Mos{\`e} and Berkeley, Matthew R and Seppey, Mathieu and Sim{\~a}o, Felipe A and Zdobnov, Evgeny M},
	year         = 2021,
	journal      = {Molecular biology and evolution},
	publisher    = {Oxford University Press},
	volume       = 38,
	number       = 10,
	pages        = {4647--4654}
}
@article{bai2019chromosomal,
	title        = {Chromosomal-level assembly of the blood clam, \textit{Scapharca} (\textit{Anadara}) \textit{broughtonii}, using long sequence reads and Hi-C},
	author       = {Bai, Chang-Ming and Xin, Lu-Sheng and Rosani, Umberto and Wu, Biao and Wang, Qing-Chen and Duan, Xiao-Ke and Liu, Zhi-Hong and Wang, Chong-Ming},
	year         = 2019,
	journal      = {GigaScience},
	publisher    = {Oxford University Press},
	volume       = 8,
	number       = 7,
	pages        = {giz067}
}
@article{ran2019chromosome,
	title        = {Chromosome-level genome assembly of the razor clam \textit{Sinonovacula constricta} (Lamarck, 1818)},
	author       = {Ran, Zhaoshou and Li, Zhenzhen and Yan, Xiaojun and Liao, Kai and Kong, Fei and Zhang, Lin and Cao, Jiayi and Zhou, Chengxu and Zhu, Peng and He, Shan and others},
	year         = 2019,
	journal      = {Molecular ecology resources},
	publisher    = {Wiley Online Library},
	volume       = 19,
	number       = 6,
	pages        = {1647--1658}
}
@article{mccartney2022genome,
	title        = {The genome of the zebra mussel, \textit{Dreissena polymorpha}: a resource for comparative genomics, invasion genetics, and biocontrol},
	author       = {McCartney, Michael A and Auch, Benjamin and Kono, Thomas and Mallez, Sophie and Zhang, Ying and Obille, Angelico and Becker, Aaron and Abrahante, Juan E and Garbe, John and Badalamenti, Jonathan P and others},
	year         = 2022,
	journal      = {G3},
	publisher    = {Oxford University Press},
	volume       = 12,
	number       = 2,
	pages        = {jkab423}
}
@article{calcino2019quagga,
	title        = {The quagga mussel genome and the evolution of freshwater tolerance},
	author       = {Calcino, Andrew D and de Oliveira, Andr{\'e} Luiz and Simakov, Oleg and Schwaha, Thomas and Zieger, Elisabeth and Wollesen, Tim and Wanninger, Andreas},
	year         = 2019,
	journal      = {DNA Research},
	publisher    = {Oxford University Press},
	volume       = 26,
	number       = 5,
	pages        = {411--422}
}
@article{yang2021chromosome,
	title        = {Chromosome-level genome assembly of the hard-shelled mussel \textit{Mytilus coruscus}, a widely distributed species from the temperate areas of East Asia},
	author       = {Yang, Jin-Long and Feng, Dan-Dan and Liu, Jie and Xu, Jia-Kang and Chen, Ke and Li, Yi-Feng and Zhu, You-Ting and Liang, Xiao and Lu, Ying},
	year         = 2021,
	journal      = {Gigascience},
	publisher    = {Oxford University Press},
	volume       = 10,
	number       = 4,
	pages        = {giab024}
}
@article{corrochano2022evidence,
	title        = {Evidence of multiple genome duplication events in \textit{Mytilus} evolution},
	author       = {Corrochano-Fraile, Ana and Davie, Andrew and Carboni, Stefano and Bekaert, Micha{\"e}l},
	year         = 2022,
	journal      = {BMC genomics},
	publisher    = {Springer},
	volume       = 23,
	number       = 1,
	pages        = 340
}
@article{gerdol2020massive,
	title        = {Massive gene presence-absence variation shapes an open pan-genome in the Mediterranean mussel},
	author       = {Gerdol, Marco and Moreira, Rebeca and Cruz, Fernando and G{\'o}mez-Garrido, Jessica and Vlasova, Anna and Rosani, Umberto and Venier, Paola and Naranjo-Ortiz, Miguel A and Murgarella, Maria and Greco, Samuele and others},
	year         = 2020,
	journal      = {Genome biology},
	publisher    = {Springer},
	volume       = 21,
	pages        = {1--21}
}
@article{inoue2021genomics,
	title        = {Genomics and transcriptomics of the green mussel explain the durability of its byssus},
	author       = {Inoue, Koji and Yoshioka, Yuki and Tanaka, Hiroyuki and Kinjo, Azusa and Sassa, Mieko and Ueda, Ikuo and Shinzato, Chuya and Toyoda, Atsushi and Itoh, Takehiko},
	year         = 2021,
	journal      = {Scientific Reports},
	publisher    = {Nature Publishing Group UK London},
	volume       = 11,
	number       = 1,
	pages        = 5992
}
@article{li2021genome,
	title        = {Genome of the estuarine oyster provides insights into climate impact and adaptive plasticity},
	author       = {Li, Ao and Dai, He and Guo, Ximing and Zhang, Ziyan and Zhang, Kexin and Wang, Chaogang and Wang, Xinxing and Wang, Wei and Chen, Hongju and Li, Xumin and others},
	year         = 2021,
	journal      = {Communications Biology},
	publisher    = {Nature Publishing Group UK London},
	volume       = 4,
	number       = 1,
	pages        = 1287
}
@article{penaloza2021chromosome,
	title        = {A chromosome-level genome assembly for the Pacific oyster \textit{Crassostrea gigas}},
	author       = {Peñaloza, Carolina and Gutierrez, Alejandro P and E{\"o}ry, L{\'e}l and Wang, Shan and Guo, Ximing and Archibald, Alan L and Bean, Tim P and Houston, Ross D},
	year         = 2021,
	journal      = {GigaScience},
	publisher    = {Oxford University Press},
	volume       = 10,
	number       = 3,
	pages        = {giab020}
}
@article{gomez2015developing,
	title        = {Developing tools for the study of molluscan immunity: the sequencing of the genome of the eastern oyster, \textit{Crassostrea virginica}},
	author       = {G{\'o}mez-Chiarri, Marta and Warren, Wesley C and Guo, Ximing and Proestou, Dina},
	year         = 2015,
	journal      = {Fish \& shellfish immunology},
	publisher    = {Elsevier},
	volume       = 46,
	number       = 1,
	pages        = {2--4}
}
@article{powell2018genome,
	title        = {The genome of the oyster Saccostrea offers insight into the environmental resilience of bivalves},
	author       = {Powell, Daniel and Subramanian, Sankar and Suwansa-Ard, Saowaros and Zhao, Min and O’Connor, Wayne and Raftos, David and Elizur, Abigail},
	year         = 2018,
	journal      = {DNA Research},
	publisher    = {Oxford University Press},
	volume       = 25,
	number       = 6,
	pages        = {655--665}
}
@article{liu2020draft,
	title        = {Draft genomes of two Atlantic bay scallop subspecies \textit{Argopecten irradians irradians} and \textit{A. i. concentricus}},
	author       = {Liu, Xiao and Li, Chao and Chen, Min and Liu, Bo and Yan, Xiaojun and Ning, Junhao and Ma, Bin and Liu, Guilong and Zhong, Zhaoshan and Jia, Yanglei and others},
	year         = 2020,
	journal      = {Scientific Data},
	publisher    = {Nature Publishing Group UK London},
	volume       = 7,
	number       = 1,
	pages        = 99
}
@article{kenny2020gene,
	title        = {The gene-rich genome of the scallop \textit{Pecten maximus}},
	author       = {Kenny, Nathan J and McCarthy, Shane A and Dudchenko, Olga and James, Katherine and Betteridge, Emma and Corton, Craig and Dolucan, Jale and Mead, Dan and Oliver, Karen and Omer, Arina D and others},
	year         = 2020,
	journal      = {Gigascience},
	publisher    = {Oxford University Press},
	volume       = 9,
	number       = 5,
	pages        = {giaa037}
}
@article{wang2017scallop,
	title        = {Scallop genome provides insights into evolution of bilaterian karyotype and development},
	author       = {Wang, Shi and Zhang, Jinbo and Jiao, Wenqian and Li, JI and Xun, Xiaogang and Sun, Yan and Guo, Ximing and Huan, Pin and Dong, Bo and Zhang, Lingling and others},
	year         = 2017,
	journal      = {Nature ecology \& evolution},
	publisher    = {Nature Publishing Group UK London},
	volume       = 1,
	number       = 5,
	pages        = {0120}
}
@article{gomes2021crown,
	title        = {The Crown Pearl: a draft genome assembly of the European freshwater pearl mussel \textit{Margaritifera margaritifera} (Linnaeus, 1758)},
	author       = {Gomes-dos-Santos, Andr{\'e} and Lopes-Lima, Manuel and Machado, Andr{\'e} M and Marcos Ramos, Ant{\'o}nio and Usi{\'e}, Ana and Bolotov, Ivan N and Vikhrev, Ilya V and Breton, Sophie and Castro, L Filipe C and da Fonseca, Rute R and others},
	year         = 2021,
	journal      = {DNA research},
	publisher    = {Oxford University Press},
	volume       = 28,
	number       = 2,
	pages        = {dsab002}
}
@article{smith2021high,
	title        = {A high-quality reference genome for a parasitic bivalve with doubly uniparental inheritance (Bivalvia: Unionida)},
	author       = {Smith, Chase H},
	year         = 2021,
	journal      = {Genome Biology and Evolution},
	publisher    = {Oxford University Press},
	volume       = 13,
	number       = 3,
	pages        = {evab029}
}
@article{ip2021host,
	title        = {Host--endosymbiont genome integration in a deep-sea chemosymbiotic clam},
	author       = {Ip, Jack Chi-Ho and Xu, Ting and Sun, Jin and Li, Runsheng and Chen, Chong and Lan, Yi and Han, Zhuang and Zhang, Haibin and Wei, Jiangong and Wang, Hongbin and others},
	year         = 2021,
	journal      = {Molecular Biology and Evolution},
	publisher    = {Oxford University Press},
	volume       = 38,
	number       = 2,
	pages        = {502--518}
}
@article{wei2020chromosome,
	title        = {Chromosome-level clam genome helps elucidate the molecular basis of adaptation to a buried lifestyle},
	author       = {Wei, Min and Ge, Hongxing and Shao, Changwei and Yan, Xiwu and Nie, Hongtao and Duan, Haibao and Liao, Xiaoting and Zhang, Min and Chen, Yihua and Zhang, Dongdong and others},
	year         = 2020,
	journal      = {IScience},
	publisher    = {Elsevier},
	volume       = 23,
	number       = 6
}
@article{song2021hard,
	title        = {The hard clam genome reveals massive expansion and diversification of inhibitors of apoptosis in Bivalvia},
	author       = {Song, Hao and Guo, Ximing and Sun, Lina and Wang, Qianghui and Han, Fengming and Wang, Haiyan and Wray, Gregory A and Davidson, Phillip and Wang, Qing and Hu, Zhi and others},
	year         = 2021,
	journal      = {BMC biology},
	publisher    = {Springer},
	volume       = 19,
	pages        = {1--20}
}
@article{chen2017transcriptome,
	title        = {Transcriptome analysis of sex-related genes in the blood clam \textit{Tegillarca granosa}},
	author       = {Chen, Heng and Xiao, Guoqiang and Chai, Xueliang and Lin, Xingguan and Fang, Jun and Teng, Shuangshuang},
	year         = 2017,
	journal      = {PLoS One},
	publisher    = {Public Library of Science San Francisco, CA USA},
	volume       = 12,
	number       = 9,
	pages        = {e0184584}
}
@article{zhang2014genomic,
	title        = {Genomic analysis of the Pacific oyster (\textit{Crassostrea gigas}) reveals possible conservation of vertebrate sex determination in a mollusc},
	author       = {Zhang, Na and Xu, Fei and Guo, Ximing},
	year         = 2014,
	journal      = {G3: Genes, Genomes, Genetics},
	publisher    = {Oxford University Press},
	volume       = 4,
	number       = 11,
	pages        = {2207--2217}
}
@article{mawaribuchi2019independent,
	title        = {Independent evolution for sex determination and differentiation in the \textit{DMRT} family in animals},
	author       = {Mawaribuchi, Shuuji and Ito, Yuzuru and Ito, Michihiko},
	year         = 2019,
	journal      = {Biology Open},
	publisher    = {The Company of Biologists Ltd},
	volume       = 8,
	number       = 8,
	pages        = {bio041962}
}
@article{kopp2012dmrt,
	title        = {\textit{Dmrt} genes in the development and evolution of sexual dimorphism},
	author       = {Kopp, Artyom},
	year         = 2012,
	journal      = {Trends in Genetics},
	publisher    = {Elsevier},
	volume       = 28,
	number       = 4,
	pages        = {175--184}
}
@article{eddy2011accelerated,
	title        = {Accelerated profile HMM searches},
	author       = {Eddy, Sean R},
	year         = 2011,
	journal      = {PLoS computational biology},
	publisher    = {Public Library of Science San Francisco, USA},
	volume       = 7,
	number       = 10,
	pages        = {e1002195}
}
@article{rozewicki2019mafft,
	title        = {MAFFT-DASH: integrated protein sequence and structural alignment},
	author       = {Rozewicki, John and Li, Songling and Amada, Karlou Mar and Standley, Daron M and Katoh, Kazutaka},
	year         = 2019,
	journal      = {Nucleic acids research},
	publisher    = {Oxford University Press},
	volume       = 47,
	number       = {W1},
	pages        = {W5--W10}
}
@article{minh2020iq,
	title        = {IQ-TREE 2: new models and efficient methods for phylogenetic inference in the genomic era},
	author       = {Minh, Bui Quang and Schmidt, Heiko A and Chernomor, Olga and Schrempf, Dominik and Woodhams, Michael D and Von Haeseler, Arndt and Lanfear, Robert},
	year         = 2020,
	journal      = {Molecular biology and evolution},
	publisher    = {Oxford University Press},
	volume       = 37,
	number       = 5,
	pages        = {1530--1534}
}
@article{schliep2011phangorn,
	title        = {phangorn: phylogenetic analysis in R},
	author       = {Schliep, Klaus Peter},
	year         = 2011,
	journal      = {Bioinformatics},
	publisher    = {Oxford University Press},
	volume       = 27,
	number       = 4,
	pages        = {592--593}
}
@article{shi2015novo,
	title        = {De novo transcriptome sequencing to identify the sex-determination genes in \textit{Hyriopsis schlegelii}},
	author       = {Shi, Jianwu and Hong, Yijiang and Sheng, Junqing and Peng, Kou and Wang, Junhua},
	year         = 2015,
	journal      = {Bioscience, Biotechnology, and Biochemistry},
	publisher    = {Oxford University Press},
	volume       = 79,
	number       = 8,
	pages        = {1257--1265}
}