@article{abascal2010translatorx,
  title     = {{T}ranslator{X}: multiple alignment of nucleotide sequences guided by amino acid translations},
  author    = {Abascal, Federico and Zardoya, Rafael and Telford, Maximilian J},
  year      = 2010,
  journal   = {Nucleic Acids Research},
  publisher = {Oxford University Press},
  volume    = 38,
  number    = {suppl\_2},
  pages     = {W7--W13}
}

@article{abbott2011intra,
  title     = {{I}ntra-locus sexual conflict and sexually antagonistic genetic variation in hermaphroditic animals},
  author    = {Abbott, Jessica K},
  year      = 2011,
  journal   = {Proceedings of the Royal Society B: Biological Sciences},
  publisher = {The Royal Society},
  volume    = 278,
  number    = 1703,
  pages     = {161--169}
}

@article{minamikawa1999chloromethyl,
  title     = {{C}hloromethyl-{X}-rosamine ({M}ito{T}racker {R}ed) photosensitises mitochondria and induces apoptosis in intact human cells},
  author    = {Minamikawa, Tetsuhiro and Sriratana, Absorn and Williams, David A and Bowser, David N and Hill, John S and Nagley, Phillip},
  year      = 1999,
  journal   = {Journal of Cell Science},
  publisher = {The Company of Biologists Ltd},
  volume    = 112,
  number    = 14,
  pages     = {2419--2430}
}

@article{alexa2009gene,
  title   = {{G}ene set enrichment analysis with top{G}{O}},
  author  = {Alexa, Adrian and Rahnenf{\"u}hrer, J{\"o}rg},
  year    = 2009,
  journal = {Bioconductor Improv},
  volume  = 27,
  pages   = {1--26}
}

@article{altenhoff2024oma,
  title     = {{O}{M}{A} orthology in 2024: improved prokaryote coverage, ancestral and extant {G}{O} enrichment, a revamped synteny viewer and more in the {O}{M}{A} {E}cosystem},
  author    = {Altenhoff, Adrian M and Warwick Vesztrocy, Alex and Bernard, Charles and Train, Clement-Marie and Nicheperovich, Alina and Prieto Ba{\~n}os, Silvia and Julca, Irene and Moi, David and Nevers, Yannis and Majidian, Sina and others},
  year      = 2024,
  journal   = {Nucleic Acids Research},
  publisher = {Oxford University Press},
  volume    = 52,
  number    = {D1},
  pages     = {D513--D521}
}

@misc{andrews2010fastqc,
  title     = {{F}ast{Q}{C}: a quality control tool for high throughput sequence data},
  author    = {Andrews, Simon and others},
  year      = 2010,
  publisher = {Babraham Bioinformatics, Babraham Institute, Cambridge, United Kingdom}
}

@article{korpelainen1990sex,
  title     = {{S}ex ratios and conditions required for environmental sex determination in animals},
  author    = {Korpelainen, Helena},
  year      = 1990,
  journal   = {Biological Reviews},
  publisher = {Wiley Online Library},
  volume    = 65,
  number    = 2,
  pages     = {147--184}
}

@article{bachtrog2014sex,
  title     = {{S}ex determination: why so many ways of doing it?},
  author    = {Bachtrog, Doris and Mank, Judith E and Peichel, Catherine L and Kirkpatrick, Mark and Otto, Sarah P and Ashman, Tia-Lynn and Hahn, Matthew W and Kitano, Jun and Mayrose, Itay and Ming, Ray and others},
  year      = 2014,
  journal   = {PLoS Biology},
  publisher = {Public Library of Science},
  volume    = 12,
  number    = 7,
  pages     = {e1001899}
}

@article{bai2019chromosomal,
  title     = {{C}hromosomal-level assembly of the blood clam, \textit{{S}capharca} (\textit{{A}nadara}) \textit{broughtonii}, using long sequence reads and {H}i-{C}},
  author    = {Bai, Chang-Ming and Xin, Lu-Sheng and Rosani, Umberto and Wu, Biao and Wang, Qing-Chen and Duan, Xiao-Ke and Liu, Zhi-Hong and Wang, Chong-Ming},
  year      = 2019,
  journal   = {GigaScience},
  publisher = {Oxford University Press},
  volume    = 8,
  number    = 7,
  pages     = {giz067}
}

@article{mawaribuchi2012molecular,
  title     = {{M}olecular evolution of vertebrate sex-determining genes},
  author    = {Mawaribuchi, Shuuji and Yoshimoto, Shin and Ohashi, Shuntaro and Takamatsu, Nobuhiko and Ito, Michihiko},
  year      = 2012,
  journal   = {Chromosome Research},
  publisher = {Springer},
  volume    = 20,
  pages     = {139--151}
}

@article{sarkar2013sox,
  title     = {{T}he sox family of transcription factors: versatile regulators of stem and progenitor cell fate},
  author    = {Sarkar, Abby and Hochedlinger, Konrad},
  year      = 2013,
  journal   = {Cell Stem Cell},
  publisher = {Elsevier},
  volume    = 12,
  number    = 1,
  pages     = {15--30}
}

@article{bopp2014sex,
  title     = {{S}ex determination in insects: variations on a common theme},
  author    = {Bopp, D and Saccone, Giuseppe and Beye, M},
  year      = 2014,
  journal   = {Sexual Development},
  publisher = {S. Karger AG},
  volume    = 8,
  number    = {1-3},
  pages     = {20--28}
}

@article{matson2012sex,
  title     = {{S}ex and the singular {D}{M} domain: insights into sexual regulation, evolution and plasticity},
  author    = {Matson, Clinton K and Zarkower, David},
  year      = 2012,
  journal   = {Nature Reviews Genetics},
  publisher = {Nature Publishing Group UK London},
  volume    = 13,
  number    = 3,
  pages     = {163--174}
}

@article{baldwin2018new,
  title     = {{A} new standard for crustacean genomes: the highly contiguous, annotated genome assembly of the clam shrimp \textit{{E}ulimnadia texana} reveals {H}{O}{X} gene order and identifies the sex chromosome},
  author    = {Baldwin-Brown, James G and Weeks, Stephen C and Long, Anthony D},
  year      = 2018,
  journal   = {Genome Biology and Evolution},
  publisher = {Oxford University Press},
  volume    = 10,
  number    = 1,
  pages     = {143--156}
}

@article{baral2019genetic,
  title     = {{G}enetic architecture and sex-specific selection govern modular, male-biased evolution of \textit{doublesex}},
  author    = {Baral, Saurav and Arumugam, Gandhimathi and Deshmukh, Riddhi and Kunte, Krushnamegh},
  year      = 2019,
  journal   = {Science Advances},
  publisher = {American Association for the Advancement of Science},
  volume    = 5,
  number    = 5,
  pages     = {eaau3753}
}

@article{bertocchini2016germline,
  title     = {{G}ermline development in amniotes: {A} paradigm shift in primordial germ cell specification},
  author    = {Bertocchini, Federica and Chuva de Sousa Lopes, Susana M},
  year      = 2016,
  journal   = {BioEssays},
  publisher = {Wiley Online Library},
  volume    = 38,
  number    = 8,
  pages     = {791--800}
}

@book{beukeboom2014evolution,
  title     = {{T}he evolution of sex determination},
  author    = {Beukeboom, Leo W and Perrin, Nicolas},
  year      = 2014,
  publisher = {Oxford University Press}
}

@article{bewick2011evolution,
  title     = {{E}volution of the closely related, sex-related genes \textit{{D}{M}-{W}} and \textit{{D}{M}{R}{T}1} in {A}frican clawed frogs (\textit{{X}enopus})},
  author    = {Bewick, Adam J and Anderson, Dave W and Evans, Ben J},
  year      = 2011,
  journal   = {Evolution},
  publisher = {Blackwell Publishing Inc Malden, USA},
  volume    = 65,
  number    = 3,
  pages     = {698--712}
}

@article{bolger2014trimmomatic,
  title     = {{T}rimmomatic: a flexible trimmer for {I}llumina sequence data},
  author    = {Bolger, Anthony M and Lohse, Marc and Usadel, Bjoern},
  year      = 2014,
  journal   = {Bioinformatics},
  publisher = {Oxford University Press},
  volume    = 30,
  number    = 15,
  pages     = {2114--2120}
}

@inbook{breton2018sex,
  title     = {{S}ex-{D}etermining mechanisms in bivalves},
  author    = {Breton, Sophie and Capt, Charlotte and Guerra, Davide and Stewart, Donald},
  year      = 2018,
  booktitle = {{T}ransitions {B}etween {S}exual {S}ystems: {U}nderstanding the {M}echanisms of, and {P}athways {B}etween, {D}ioecy, {H}ermaphroditism and {O}ther {S}exual {S}ystems},
  publisher = {Springer International Publishing},
  address   = {Cham},
  pages     = {165--192},
  editor    = {Leonard, Janet L.}
}

@article{breton2022did,
  title     = {{D}id doubly uniparental inheritance ({D}{U}{I}) of mt{D}{N}{A} originate as a cytoplasmic male sterility ({C}{M}{S}) system?},
  author    = {Breton, Sophie and Stewart, Donald T and Br{\'e}maud, Julie and Havird, Justin C and Smith, Chase H and Hoeh, Walter R},
  year      = 2022,
  journal   = {BioEssays},
  publisher = {Wiley Online Library},
  volume    = 44,
  number    = 4,
  pages     = 2100283
}

@article{buchfink2015fast,
  title     = {{F}ast and sensitive protein alignment using {D}{I}{A}{M}{O}{N}{D}},
  author    = {Buchfink, Benjamin and Xie, Chao and Huson, Daniel H},
  year      = 2015,
  journal   = {Nature Methods},
  publisher = {Nature Publishing Group US New York},
  volume    = 12,
  number    = 1,
  pages     = {59--60}
}

@article{calcino2019quagga,
  title     = {{T}he quagga mussel genome and the evolution of freshwater tolerance},
  author    = {Calcino, Andrew D and de Oliveira, Andr{\'e} Luiz and Simakov, Oleg and Schwaha, Thomas and Zieger, Elisabeth and Wollesen, Tim and Wanninger, Andreas},
  year      = 2019,
  journal   = {DNA Research},
  publisher = {Oxford University Press},
  volume    = 26,
  number    = 5,
  pages     = {411--422}
}

@article{cao2004differential,
  title     = {{D}ifferential segregation patterns of sperm mitochondria in embryos of the blue mussel (\textit{{M}ytilus edulis})},
  author    = {Cao, Liqin and Kenchington, Ellen and Zouros, Eleftherios},
  year      = 2004,
  journal   = {Genetics},
  publisher = {Oxford University Press},
  volume    = 166,
  number    = 2,
  pages     = {883--894}
}

@article{capel2017vertebrate,
  title     = {{V}ertebrate sex determination: evolutionary plasticity of a fundamental switch},
  author    = {Capel, Blanche},
  year      = 2017,
  journal   = {Nature Reviews Genetics},
  publisher = {Nature Publishing Group UK London},
  volume    = 18,
  number    = 11,
  pages     = {675--689}
}

@article{capella2009trimal,
  title     = {trim{A}l: a tool for automated alignment trimming in large-scale phylogenetic analyses},
  author    = {Capella-Guti{\'e}rrez, Salvador and Silla-Mart{\'\i}nez, Jos{\'e} M and Gabald{\'o}n, Toni},
  year      = 2009,
  journal   = {Bioinformatics},
  publisher = {Oxford University Press},
  volume    = 25,
  number    = 15,
  pages     = {1972--1973}
}

@article{capt2020unorthodox,
  title     = {{U}northodox features in two venerid bivalves with doubly uniparental inheritance of mitochondria},
  author    = {Capt, Charlotte and Bouvet, Karim and Guerra, Davide and Robicheau, Brent M and Stewart, Donald T and Pante, Eric and Breton, Sophie},
  year      = 2020,
  journal   = {Scientific Reports},
  publisher = {Nature Publishing Group UK London},
  volume    = 10,
  number    = 1,
  pages     = 1087
}

@article{capt2018deciphering,
  title     = {{D}eciphering the link between doubly uniparental inheritance of mt{D}{N}{A} and sex determination in bivalves: clues from comparative transcriptomics},
  author    = {Capt, Charlotte and Renaut, S{\'e}bastien and Ghiselli, Fabrizio and Milani, Liliana and Johnson, Nathan A and Sietman, Bernard E and Stewart, Donald T and Breton, Sophie},
  year      = 2018,
  journal   = {Genome Biology and Evolution},
  publisher = {Oxford University Press},
  volume    = 10,
  number    = 2,
  pages     = {577--590}
}

@article{chen2017transcriptome,
  title     = {{T}ranscriptome analysis of sex-related genes in the blood clam \textit{{T}egillarca granosa}},
  author    = {Chen, Heng and Xiao, Guoqiang and Chai, Xueliang and Lin, Xingguan and Fang, Jun and Teng, Shuangshuang},
  year      = 2017,
  journal   = {PLoS One},
  publisher = {Public Library of Science San Francisco, CA USA},
  volume    = 12,
  number    = 9,
  pages     = {e0184584}
}

@article{gomez2015developing,
  title     = {{D}eveloping tools for the study of molluscan immunity: the sequencing of the genome of the eastern oyster, \textit{{C}rassostrea virginica}},
  author    = {G{\'o}mez-Chiarri, Marta and Warren, Wesley C and Guo, Ximing and Proestou, Dina},
  year      = 2015,
  journal   = {Fish \& Shellfish Immunology},
  publisher = {Elsevier},
  volume    = 46,
  number    = 1,
  pages     = {2--4}
}

@article{li2018draft,
  title     = {{D}raft genome of the {P}eruvian scallop \textit{{A}rgopecten purpuratus}},
  author    = {Li, Chao and Liu, Xiao and Liu, Bo and Ma, Bin and Liu, Fengqiao and Liu, Guilong and Shi, Qiong and Wang, Chunde},
  year      = 2018,
  journal   = {GigaScience},
  publisher = {Oxford University Press},
  volume    = 7,
  number    = 4,
  pages     = {giy031}
}

@article{penaloza2021chromosome,
  title     = {{A} chromosome-level genome assembly for the {P}acific oyster \textit{{C}rassostrea gigas}},
  author    = {Penaloza, Carolina and Gutierrez, Alejandro P and E{\"o}ry, L{\'e}l and Wang, Shan and Guo, Ximing and Archibald, Alan L and Bean, Tim P and Houston, Ross D},
  year      = 2021,
  journal   = {GigaScience},
  publisher = {Oxford University Press},
  volume    = 10,
  number    = 3,
  pages     = {giab020}
}

@article{teng2023parallel,
  title     = {{P}arallel evolution in \textit{{C}rassostrea} oysters along the latitudinal gradient is associated with variation in multiple genes involved in adipogenesis},
  author    = {Teng, Wen and Fu, Huiru and Li, Zhuanzhuan and Zhang, Qian and Xu, Chengxun and Yu, Hong and Kong, Lingfeng and Liu, Shikai and Li, Qi},
  year      = 2023,
  journal   = {Molecular Ecology},
  publisher = {Wiley Online Library},
  volume    = 32,
  number    = 19,
  pages     = {5276--5287}
}

@article{choi2018hcr3,
  title     = {{T}hird-generation \textit{in situ} hybridization chain reaction: multiplexed, quantitative, sensitive, versatile, robust},
  author    = {Choi, Harry MT and Schwarzkopf, Maayan and Fornace, Mark E and Acharya, Aneesh and Artavanis, Georgios and Stegmaier, Johannes and Cunha, Alexandre and Pierce, Niles A},
  year      = 2018,
  journal   = {Development},
  publisher = {The Company of Biologists Ltd},
  volume    = 145,
  number    = 12,
  pages     = {dev165753}
}

@article{li2022sex,
  title     = {{S}ex determination mechanisms and sex control approaches in aquaculture animals},
  author    = {Li, Xi-Yin and Mei, Jie and Ge, Chu-Tian and Liu, Xiao-Li and Gui, Jian-Fang},
  year      = 2022,
  journal   = {Science China Life Sciences},
  publisher = {Springer},
  volume    = 65,
  number    = 6,
  pages     = {1091--1122}
}

@article{gomes2020molluscan,
  title     = {{M}olluscan genomics: the road so far and the way forward},
  author    = {Gomes-dos-Santos, Andre and Lopes-Lima, Manuel and Castro, L Filipe C and Froufe, Elsa},
  year      = 2020,
  journal   = {Hydrobiologia},
  publisher = {Springer},
  volume    = 847,
  number    = 7,
  pages     = {1705--1726}
}

@article{haszprunar2012molluscs,
  title     = {{M}olluscs},
  author    = {Haszprunar, Gerhard and Wanninger, Andreas},
  year      = 2012,
  journal   = {Current Biology},
  publisher = {Elsevier},
  volume    = 22,
  number    = 13,
  pages     = {R510--R514}
}

@article{haerty2007evolution,
  title     = {{E}volution in the fast lane: rapidly evolving sex-related genes in \textit{{D}rosophila}},
  author    = {Haerty, Wilfried and Jagadeeshan, Santosh and Kulathinal, Rob J and Wong, Alex and Ravi Ram, Kristipati and Sirot, Laura K and Levesque, Lisa and Artieri, Carlo G and Wolfner, Mariana F and Civetta, Alberto and others},
  year      = 2007,
  journal   = {Genetics},
  publisher = {Oxford University Press},
  volume    = 177,
  number    = 3,
  pages     = {1321--1335}
}

@article{mullon2012drosophila_sxl,
  title     = {{M}olecular evolution of \textit{{D}rosophila} \textit{{S}ex-lethal} and related sex determining genes},
  author    = {Mullon, Charles and Pomiankowski, Andrew and Reuter, Max},
  year      = 2012,
  journal   = {BMC Evolutionary Biology},
  publisher = {Springer},
  volume    = 12,
  pages     = {1--11}
}

@article{oNeil1992drosophila_tra,
  title     = {{I}nterspecific comparison of the \textit{transforme}r gene of \textit{{D}rosophila} reveals an unusually high degree of evolutionary divergence},
  author    = {O'Neil, Michael T and Belote, John M},
  year      = 1992,
  journal   = {Genetics},
  publisher = {Oxford University Press},
  volume    = 131,
  number    = 1,
  pages     = {113--128}
}

@article{han2022ancient,
  title     = {{A}ncient homomorphy of molluscan sex chromosomes sustained by reversible sex-biased genes and sex determiner translocation},
  author    = {Han, Wentao and Liu, Liangjie and Wang, Jing and Wei, Huilan and Li, Yuli and Zhang, Lijing and Guo, Zhenyi and Li, Yajuan and Liu, Tian and Zeng, Qifan and others},
  year      = 2022,
  journal   = {Nature Ecology \& Evolution},
  publisher = {Nature Publishing Group UK London},
  pages     = {1--16}
}

@article{gusman2016pursuing,
  title     = {{P}ursuing the quest for better understanding the taxonomic distribution of the system of doubly uniparental inheritance of mt{D}{N}{A}},
  author    = {Gusman, Arthur and Lecomte, Sophia and Stewart, Donald T and Passamonti, Marco and Breton, Sophie},
  year      = 2016,
  journal   = {PeerJ},
  publisher = {PeerJ Inc.},
  volume    = 4,
  pages     = {e2760}
}

@article{ghiselli2013structure,
  title     = {{S}tructure, transcription, and variability of metazoan mitochondrial genome: perspectives from an unusual mitochondrial inheritance system},
  author    = {Ghiselli, Fabrizio and Milani, Liliana and Guerra, Davide and Chang, Peter L and Breton, Sophie and Nuzhdin, Sergey V and Passamonti, Marco},
  year      = 2013,
  journal   = {Genome Biology and Evolution},
  publisher = {Oxford University Press},
  volume    = 5,
  number    = 8,
  pages     = {1535--1554}
}

@article{afonso2019gonad,
  title     = {{G}onad transcriptome of golden mussel \textit{{L}imnoperna fortunei} reveals potential sex differentiation genes},
  author    = {Afonso, Luana Ferreira and Americo, Juliana Alves and Soares-Souza, Giordano Bruno and Torres, Andr{\'e} Luiz Quintanilha and Wajsenzon, In{\^e}s Julia Ribas and Rebelo, Mauro de Freitas},
  year      = 2019,
  journal   = {bioRxiv},
  publisher = {Cold Spring Harbor Laboratory},
  pages     = 818757
}

@article{santerre2013oyster,
  title     = {{O}yster sex determination is influenced by temperature---first clues in spat during first gonadic differentiation and gametogenesis},
  author    = {Santerre, Christelle and Sourdaine, Pascal and Marc, Nicolas and Mingant, Christian and Robert, Ren{\'e} and Martinez, Anne-Sophie},
  year      = 2013,
  journal   = {Comparative Biochemistry and Physiology Part A: Molecular \& Integrative Physiology},
  publisher = {Elsevier},
  volume    = 165,
  number    = 1,
  pages     = {61--69}
}

@article{teaniniuraitemoana2016effect,
  title     = {{E}ffect of temperature, food availability, and estradiol injection on gametogenesis and gender in the pearl oyster \textit{{P}inctada margaritifera}},
  author    = {Teaniniuraitemoana, Vaihiti and Lepr{\^e}tre, Maxime and Levy, Peva and Vanaa, Vincent and Parrad, Sophie and Gaertner-Mazouni, Nabila and Gueguen, Yannick and Huvet, Arnaud and Le Moullac, Gilles},
  year      = 2016,
  journal   = {Journal of Experimental Zoology Part A: Ecological Genetics and Physiology},
  publisher = {Wiley Online Library},
  volume    = 325,
  number    = 1,
  pages     = {13--24}
}

@article{chavez2008prospective,
  title     = {{P}rospective culture of the {C}ortez oyster \textit{{C}rassostrea corteziensis} from northwestern {M}exico: growth, gametogenic activity, and condition index},
  author    = {Ch{\'a}vez-Villalba, Jorge and Hern{\'a}ndez-Ibarra, Andr{\'e}s and L{\'o}pez-Tapia, Mar{\'\i}a R and Maz{\'o}n-Su{\'a}stegui, Jos{\'e} M},
  year      = 2008,
  journal   = {Journal of Shellfish Research},
  publisher = {BioOne},
  volume    = 27,
  number    = 4,
  pages     = {711--720}
}

@article{teaniniuraitemoana2014gonad,
  title     = {{G}onad transcriptome analysis of pearl oyster \textit{{P}inctada margaritifera}: identification of potential sex differentiation and sex determining genes},
  author    = {Teaniniuraitemoana, Vaihiti and Huvet, Arnaud and Levy, Peva and Klopp, Christophe and Lhuillier, Emeline and Gaertner-Mazouni, Nabila and Gueguen, Yannick and Le Moullac, Gilles},
  year      = 2014,
  journal   = {BMC Genomics},
  publisher = {Springer},
  volume    = 15,
  pages     = {1--20}
}

@article{renfree1996sexual,
  title     = {{S}exual differentiation of the urogenital system of the fetal and neonatal tammar wallaby, \textit{{M}acropus eugenii}},
  author    = {Renfree, Marilyn B and O, Wai-Sum and Short, RV and Shaw, G},
  year      = 1996,
  journal   = {Anatomy and Embryology},
  publisher = {Springer},
  volume    = 194,
  pages     = {111--134}
}

@article{holleley2015sex,
  title     = {{S}ex reversal triggers the rapid transition from genetic to temperature-dependent sex},
  author    = {Holleley, Clare E and O'Meally, Denis and Sarre, Stephen D and Marshall Graves, Jennifer A and Ezaz, Tariq and Matsubara, Kazumi and Azad, Bhumika and Zhang, Xiuwen and Georges, Arthur},
  year      = 2015,
  journal   = {Nature},
  publisher = {Nature Publishing Group UK London},
  volume    = 523,
  number    = 7558,
  pages     = {79--82}
}

@article{zhao2010somatic,
  title     = {{S}omatic sex identity is cell autonomous in the chicken},
  author    = {Zhao, Debiao and McBride, Derek and Nandi, Sunil and McQueen, HA and McGrew, MJ and Hocking, PM and Lewis, PD and Sang, HM and Clinton, M},
  year      = 2010,
  journal   = {Nature},
  publisher = {Nature Publishing Group UK London},
  volume    = 464,
  number    = 7286,
  pages     = {237--242}
}

@article{bear2013both,
  title     = {{B}oth cell-autonomous mechanisms and hormones contribute to sexual development in vertebrates and insects},
  author    = {Bear, Ashley and Monteiro, Antonia},
  year      = 2013,
  journal   = {BioEssays},
  publisher = {Wiley Online Library},
  volume    = 35,
  number    = 8,
  pages     = {725--732}
}

@article{mork2014predetermination,
  title     = {{P}redetermination of sexual fate in a turtle with temperature-dependent sex determination},
  author    = {Mork, Lindsey and Czerwinski, Michael and Capel, Blanche},
  year      = 2014,
  journal   = {Developmental Biology},
  publisher = {Elsevier},
  volume    = 386,
  number    = 1,
  pages     = {264--271}
}

@article{milani2013nuclear,
  title     = {{N}uclear genes with sex bias in \textit{{R}uditapes philippinarum} ({B}ivalvia, {V}eneridae): mitochondrial inheritance and sex determination in {D}{U}{I} species},
  author    = {Milani, Liliana and Ghiselli, Fabrizio and Nuzhdin, Sergey V and Passamonti, Marco},
  year      = 2013,
  journal   = {Journal of Experimental Zoology Part B: Molecular and Developmental Evolution},
  publisher = {Wiley Online Library},
  volume    = 320,
  number    = 7,
  pages     = {442--454}
}

@article{parsch2013evolutionary,
  title     = {{T}he evolutionary causes and consequences of sex-biased gene expression},
  author    = {Parsch, John and Ellegren, Hans},
  year      = 2013,
  journal   = {Nature Reviews Genetics},
  publisher = {Nature Publishing Group UK London},
  volume    = 14,
  number    = 2,
  pages     = {83--87}
}

@article{grath2016sex,
  title     = {{S}ex-biased gene expression},
  author    = {Grath, Sonja and Parsch, John},
  year      = 2016,
  journal   = {Annual Review of Genetics},
  publisher = {Annual Reviews},
  volume    = 50,
  pages     = {29--44}
}

@article{kalyaanamoorthy2017modelfinder,
  title     = {{M}odel{F}inder: fast model selection for accurate phylogenetic estimates},
  author    = {Kalyaanamoorthy, Subha and Minh, Bui Quang and Wong, Thomas KF and Von Haeseler, Arndt and Jermiin, Lars S},
  year      = 2017,
  journal   = {Nature Methods},
  publisher = {Nature Publishing Group US New York},
  volume    = 14,
  number    = 6,
  pages     = {587--589}
}

@article{naimi2009identification,
  title     = {{I}dentification and expression of a factor of the {D}{M} family in the oyster \textit{{C}rassostrea gigas}},
  author    = {Naimi, Amine and Martinez, Anne-Sophie and Specq, Marie-Laure and Mrac, Abdellah and Diss, Blandine and Mathieu, Michel and Sourdaine, Pascal},
  year      = 2009,
  journal   = {Comparative Biochemistry and Physiology Part A: Molecular \& Integrative Physiology},
  publisher = {Elsevier},
  volume    = 152,
  number    = 2,
  pages     = {189--196}
}

@article{naimi2009molecular,
  title     = {{M}olecular cloning and gene expression of \textit{{C}g-{F}oxl2} during the development and the adult gametogenetic cycle in the oyster \textit{{C}rassostrea gigas}},
  author    = {Naimi, Amine and Martinez, Anne-Sophie and Specq, Marie-Laure and Diss, Blandine and Mathieu, Michel and Sourdaine, Pascal},
  year      = 2009,
  journal   = {Comparative Biochemistry and Physiology Part B: Biochemistry and Molecular Biology},
  publisher = {Elsevier},
  volume    = 154,
  number    = 1,
  pages     = {134--142}
}

@article{wang2022transcriptome,
  title     = {{T}ranscriptome sequencing analysis of sex-related genes and mi{R}{N}{A}s in the gonads of \textit{{M}ytilus coruscus}},
  author    = {Wang, Min and Xia, Jiao and Jawad, Muhammad and Wei, Wenbo and Gui, Lang and Liang, Xiao and Yang, Jin-Long and Li, Mingyou},
  year      = 2022,
  journal   = {Frontiers in Marine Science},
  publisher = {Frontiers},
  volume    = 9,
  pages     = 1013857
}

@article{yue2021variance,
  title     = {{V}ariance in expression and localization of sex-related genes \textit{{C}g{D}sx}, \textit{{C}g{B}{H}{M}{G}1} and \textit{{C}g{F}oxl2} during diploid and triploid {P}acific oyster \textit{{C}rassostrea gigas} gonad differentiation},
  author    = {Yue, Chenyang and Li, Qi and Yu, Hong},
  year      = 2021,
  journal   = {Gene},
  publisher = {Elsevier},
  volume    = 790,
  pages     = 145692
}

@article{willson2022disco,
  title     = {{D}{I}{S}{C}{O}: species tree inference using multicopy gene family tree decomposition},
  author    = {Willson, James and Roddur, Mrinmoy Saha and Liu, Baqiao and Zaharias, Paul and Warnow, Tandy},
  year      = 2022,
  journal   = {Systematic Biology},
  publisher = {Oxford University Press},
  volume    = 71,
  number    = 3,
  pages     = {610--629}
}

@article{emms2019orthofinder,
  title     = {{O}rtho{F}inder: phylogenetic orthology inference for comparative genomics},
  author    = {Emms, David M and Kelly, Steven},
  year      = 2019,
  journal   = {Genome Biology},
  publisher = {Springer},
  volume    = 20,
  pages     = {1--14}
}

@article{yuen2019organ,
  title     = {{O}rgan transcriptomes of the lucinid clam \textit{{L}oripes orbiculatus} ({P}oli, 1791) provide insights into their specialised roles in the biology of a chemosymbiotic bivalve},
  author    = {Yuen, Benedict and Polzin, Julia and Petersen, Jillian M},
  year      = 2019,
  journal   = {BMC Genomics},
  publisher = {Springer},
  volume    = 20,
  pages     = {1--14}
}

@article{li2020comparative,
  title     = {{C}omparative transcriptome analysis of three gonadal development stages reveals potential genes involved in gametogenesis of the fluted giant clam (\textit{{T}ridacna squamosa})},
  author    = {Li, Jun and Zhou, Yinyin and Zhou, Zihua and Lin, Chuanxu and Wei, Jinkuan and Qin, Yanpin and Xiang, Zhiming and Ma, Haitao and Zhang, Yang and Zhang, Yuehuan and others},
  year      = 2020,
  journal   = {BMC Genomics},
  publisher = {Springer},
  volume    = 21,
  pages     = {1--16}
}

@article{li2020chromosome,
  title     = {{C}hromosome-level genome assembly of the {E}ast {A}sian common octopus (\textit{{O}ctopus sinensis}) using {P}ac{B}io sequencing and {H}i-{C} technology},
  author    = {Li, Fenghui and Bian, Li and Ge, Jianlong and Han, Fengming and Liu, Zhihong and Li, Xuming and Liu, Yongsheng and Lin, Zhishu and Shi, Huilai and Liu, Changlin and others},
  year      = 2020,
  journal   = {Molecular Ecology Resources},
  publisher = {Wiley Online Library},
  volume    = 20,
  number    = 6,
  pages     = {1572--1582}
}

@article{yokobori2004long,
  title     = {{L}ong-term conservation of six duplicated structural genes in cephalopod mitochondrial genomes},
  author    = {Yokobori, Shin-ichi and Fukuda, Naoya and Nakamura, Mitsue and Aoyama, Tomoko and Oshima, Tairo},
  year      = 2004,
  journal   = {Molecular Biology and Evolution},
  publisher = {Oxford University Press},
  volume    = 21,
  number    = 11,
  pages     = {2034--2046}
}

@article{albertin2015octopus,
  title     = {{T}he octopus genome and the evolution of cephalopod neural and morphological novelties},
  author    = {Albertin, Caroline B and Simakov, Oleg and Mitros, Therese and Wang, Z Yan and Pungor, Judit R and Edsinger-Gonzales, Eric and Brenner, Sydney and Ragsdale, Clifton W and Rokhsar, Daniel S},
  year      = 2015,
  journal   = {Nature},
  publisher = {Nature Publishing Group UK London},
  volume    = 524,
  number    = 7564,
  pages     = {220--224}
}

@article{lan2021hologenome,
  title     = {{H}ologenome analysis reveals dual symbiosis in the deep-sea hydrothermal vent snail \textit{{G}igantopelta aegis}},
  author    = {Lan, Yi and Sun, Jin and Chen, Chong and Sun, Yanan and Zhou, Yadong and Yang, Yi and Zhang, Weipeng and Li, Runsheng and Zhou, Kun and Wong, Wai Chuen and others},
  year      = 2021,
  journal   = {Nature Communications},
  publisher = {Nature Publishing Group UK London},
  volume    = 12,
  number    = 1,
  pages     = 1165
}

@article{liu2018genome,
  title     = {{T}he genome of the golden apple snail \textit{{P}omacea canaliculata} provides insight into stress tolerance and invasive adaptation},
  author    = {Liu, Conghui and Zhang, Yan and Ren, Yuwei and Wang, Hengchao and Li, Shuqu and Jiang, Fan and Yin, Lijuan and Qiao, Xi and Zhang, Guojie and Qian, Wanqiang and others},
  year      = 2018,
  journal   = {GigaScience},
  publisher = {Oxford University Press},
  volume    = 7,
  number    = 9,
  pages     = {giy101}
}

@article{knudsen2006complete,
  title     = {{C}omplete {D}{N}{A} sequence of the mitochondrial genome of the sea-slug, \textit{{A}plysia californica}: conservation of the gene order in {E}uthyneura},
  author    = {Knudsen, Bjarne and Kohn, Andrea B and Nahir, Ben and McFadden, Catherine S and Moroz, Leonid L},
  year      = 2006,
  journal   = {Molecular Phylogenetics and Evolution},
  publisher = {Elsevier},
  volume    = 38,
  number    = 2,
  pages     = {459--469}
}

@article{rogers2021gene,
  title     = {{G}ene family amplification facilitates adaptation in freshwater unionid bivalve \textit{{M}egalonaias nervosa}},
  author    = {Rogers, Rebekah L and Grizzard, Stephanie L and Titus-McQuillan, James E and Bockrath, Katherine and Patel, Sagar and Wares, John P and Garner, Jeffrey T and Moore, Cathy C},
  year      = 2021,
  journal   = {Molecular Ecology},
  publisher = {Wiley Online Library},
  volume    = 30,
  number    = 5,
  pages     = {1155--1173}
}

@article{wang2017transcriptome,
  title     = {{T}ranscriptome analysis of the freshwater pearl mussel (\textit{{C}ristaria plicata}) mantle unravels genes involved in the formation of shell and pearl},
  author    = {Wang, Xuefeng and Liu, Zhiming and Wu, Wenjian},
  year      = 2017,
  journal   = {Molecular Genetics and Genomics},
  publisher = {Springer},
  volume    = 292,
  pages     = {343--352}
}

@article{patnaik2016sequencing,
  title     = {{S}equencing, de novo assembly, and annotation of the transcriptome of the endangered freshwater pearl bivalve, \textit{{C}ristaria plicata}, provides novel insights into functional genes and marker discovery},
  author    = {Patnaik, Bharat Bhusan and Wang, Tae Hun and Kang, Se Won and Hwang, Hee-Ju and Park, So Young and Park, Eun Bi and Chung, Jong Min and Song, Dae Kwon and Kim, Changmu and Kim, Soonok and others},
  year      = 2016,
  journal   = {PLoS One},
  publisher = {Public Library of Science San Francisco, CA USA},
  volume    = 11,
  number    = 2,
  pages     = {e0148622}
}

@article{gomes2023pacbio,
  title     = {{P}ac{B}io {H}i-{F}i genome assembly of the {I}berian dolphin freshwater mussel \textit{{U}nio delphinus} {S}pengler, 1793},
  author    = {Gomes-dos-Santos, Andr{\'e} and Lopes-Lima, Manuel and Machado, M Andr{\'e} and Teixeira, Am{\'\i}lcar and C. Castro, L Filipe and Froufe, Elsa},
  year      = 2023,
  journal   = {Scientific Data},
  publisher = {Nature Publishing Group UK London},
  volume    = 10,
  number    = 1,
  pages     = 340
}

@article{hart2023centuries,
  title     = {{C}enturies of genome instability and evolution in soft-shell clam, \textit{{M}ya arenaria}, bivalve transmissible neoplasia},
  author    = {Hart, Samuel FM and Yonemitsu, Marisa A and Giersch, Rachael M and Garrett, Fiona ES and Beal, Brian F and Arriagada, Gloria and Davis, Brian W and Ostrander, Elaine A and Goff, Stephen P and Metzger, Michael J},
  year      = 2023,
  journal   = {Nature Cancer},
  publisher = {Nature Publishing Group US New York},
  volume    = 4,
  number    = 11,
  pages     = {1561--1574}
}

@article{zhu2019transcriptome,
  title     = {{T}ranscriptome-wide identification and characterization of the \textit{{S}ox} gene family and microsatellites for \textit{{C}orbicula fluminea}},
  author    = {Zhu, Chuankun and Zhang, Lei and Ding, Huaiyu and Pan, Zhengjun},
  year      = 2019,
  journal   = {PeerJ},
  publisher = {PeerJ Inc.},
  volume    = 7,
  pages     = {e7770}
}

@article{gonzalez2015phylogenetic,
  title     = {{A} phylogenetic backbone for {B}ivalvia: an {R}{N}{A}-seq approach},
  author    = {Gonz{\'a}lez, Vanessa L and Andrade, S{\'o}nia CS and Bieler, R{\"u}diger and Collins, Timothy M and Dunn, Casey W and Mikkelsen, Paula M and Taylor, John D and Giribet, Gonzalo},
  year      = 2015,
  journal   = {Proceedings of the Royal Society B: Biological Sciences},
  publisher = {The Royal Society},
  volume    = 282,
  number    = 1801,
  pages     = 20142332
}

@article{farhat2022comparative,
  title     = {{C}omparative analysis of the \textit{{M}ercenaria mercenaria} genome provides insights into the diversity of transposable elements and immune molecules in bivalve mollusks},
  author    = {Farhat, Sarah and Bonnivard, Eric and Pales Espinosa, Emmanuelle and Tanguy, Arnaud and Boutet, Isabelle and Guiglielmoni, Nad{\`e}ge and Flot, Jean-Fran{\c{c}}ois and Allam, Bassem},
  year      = 2022,
  journal   = {BMC Genomics},
  publisher = {Springer},
  volume    = 23,
  number    = 1,
  pages     = 192
}

@article{papa2017anopheles,
  title     = {{R}apid evolution of female-biased genes among four species of \textit{{A}nopheles} malaria mosquitoes},
  author    = {Papa, Francesco and Windbichler, Nikolai and Waterhouse, Robert M and Cagnetti, Alessia and D'Amato, Rocco and Persampieri, Tania and Lawniczak, Mara KN and Nolan, Tony and Papathanos, Philippos Aris},
  year      = 2017,
  journal   = {Genome Research},
  publisher = {Cold Spring Harbor Lab},
  volume    = 27,
  number    = 9,
  pages     = {1536--1548}
}

@article{filanti2021early,
  title     = {{E}arly germline differentiation in bivalves: {T}{D}{R}{D}7 as a candidate investigational unit for \textit{{R}uditapes philippinarum} germ granule assembly},
  author    = {Filanti, Beatrice and Piccinini, Giovanni and Bettini, Simone and Lazzari, Maurizio and Franceschini, Valeria and Maurizii, Maria Gabriella and Milani, Liliana},
  journal   = {Histochemistry and Cell Biology},
  volume    = {156},
  pages     = {19--34},
  year      = {2021},
  publisher = {Springer}
}

@article{voronina2008vasa,
  title     = {{V}asa protein expression is restricted to the small micromeres of the sea urchin, but is inducible in other lineages early in development},
  author    = {Voronina, Ekaterina and Lopez, Manuel and Juliano, Celina E and Gustafson, Eric and Song, Jia L and Extavour, Cassandra and George, Sophie and Oliveri, Paola and McClay, David and Wessel, Gary},
  journal   = {Developmental Biology},
  volume    = {314},
  number    = {2},
  pages     = {276--286},
  year      = {2008},
  publisher = {Elsevier}
}

@article{rebscher2014establishing,
  title   = {{E}stablishing the germline in spiralian embyos.},
  author  = {Rebscher, Nicole},
  journal = {International Journal of Developmental Biology},
  volume  = {58},
  year    = {2014}
}

@article{rebscher2007vasa,
  title     = {{V}asa unveils a common origin of germ cells and of somatic stem cells from the posterior growth zone in the polychaete \textit{{P}latynereis dumerilii}},
  author    = {Rebscher, Nicole and Zelada-Gonz{\'a}lez, Fabiola and Banisch, Torsten U and Raible, Florian and Arendt, Detlev},
  journal   = {Developmental Biology},
  volume    = {306},
  number    = {2},
  pages     = {599--611},
  year      = {2007},
  publisher = {Elsevier}
}

@article{xu2018oocyte,
  title     = {{O}ocyte maturation and origin of the germline as revealed by the expression of \textit{{N}anos}-like in the {P}acific oyster \textit{{C}rassostrea gigas}},
  author    = {Xu, Rui and Li, Qi and Yu, Hong and Kong, Lingfeng},
  journal   = {Gene},
  volume    = {663},
  pages     = {41--50},
  year      = {2018},
  publisher = {Elsevier}
}

@article{lyons2012cleavage,
  title     = {{C}leavage pattern and fate map of the mesentoblast, 4d, in the gastropod \textit{{C}repidula}: a hallmark of spiralian development},
  author    = {Lyons, Deirdre C and Perry, Kimberly J and Lesoway, Maryna P and Henry, Jonathan Q},
  journal   = {EvoDevo},
  volume    = {3},
  pages     = {1--26},
  year      = {2012},
  publisher = {Springer}
}

@article{li2018foxl2,
  title     = {\textit{{F}{O}{X}{L}2} and \textit{{D}{M}{R}{T}1{L}} are yin and yang genes for determining timing of sex differentiation in the bivalve mollusk \textit{{P}atinopecten yessoensis}},
  author    = {Li, Ruojiao and Zhang, Lingling and Li, Wanru and Zhang, Yang and Li, Yangping and Zhang, Meiwei and Zhao, Liang and Hu, Xiaoli and Wang, Shi and Bao, Zhenmin},
  year      = 2018,
  journal   = {Frontiers in Physiology},
  publisher = {Frontiers Media SA},
  volume    = 9,
  pages     = 1166
}

@article{evensen2022comparative,
  title     = {{C}omparative phylotranscriptomics reveals putative sex differentiating genes across eight diverse bivalve species},
  author    = {Evensen, K Garrett and Robinson, William E and Krick, Keegan and Murray, Harry M and Poynton, Helen C},
  year      = 2022,
  journal   = {Comparative Biochemistry and Physiology Part D: Genomics and Proteomics},
  publisher = {Elsevier},
  volume    = 41,
  pages     = 100952
}

@article{wang2020identification,
  title     = {{I}dentification of \textit{{F}oxl2} in freshwater mussel \textit{{H}yriopsis cumingii} and its involvement in sex differentiation},
  author    = {Wang, Guiling and Dong, Saisai and Guo, Pengfei and Cui, Xiaoyu and Duan, Shenghua and Li, Jiale},
  year      = 2020,
  journal   = {Gene},
  publisher = {Elsevier},
  volume    = 754,
  pages     = 144853
}

@article{dobin2013star,
  title     = {{S}{T}{A}{R}: ultrafast universal {R}{N}{A}-seq aligner},
  author    = {Dobin, Alexander and Davis, Carrie A and Schlesinger, Felix and Drenkow, Jorg and Zaleski, Chris and Jha, Sonali and Batut, Philippe and Chaisson, Mark and Gingeras, Thomas R},
  year      = 2013,
  journal   = {Bioinformatics},
  publisher = {Oxford University Press},
  volume    = 29,
  number    = 1,
  pages     = {15--21}
}

@article{woods1932sphaerium,
  title     = {{K}eimbahn determinants and continuity of the germ cells in \textit{{S}phaerium striatinum} ({L}am.)},
  author    = {Woods, Farris H},
  year      = 1932,
  journal   = {Journal of Morphology},
  publisher = {Wiley Online Library},
  volume    = 53,
  number    = 2,
  pages     = {345--365}
}

@article{zhou2022ggmsa,
  title     = {ggmsa: {A} visual exploration tool for multiple sequence alignment and associated data},
  author    = {Zhou, Lang and Feng, Tingze and Xu, Shuangbin and Gao, Fangluan and Lam, Tommy T and Wang, Qianwen and Wu, Tianzhi and Huang, Huina and Zhan, Li and Li, Lin and others},
  journal   = {Briefings in Bioinformatics},
  volume    = {23},
  number    = {4},
  pages     = {bbac222},
  year      = {2022},
  publisher = {Oxford University Press}
}

@article{piccinini2023germline,
  title     = {{G}ermline-related molecular phenotype in {M}etazoa: conservation and innovation highlighted by comparative transcriptomics},
  author    = {Piccinini, Giovanni and Milani, Liliana},
  journal   = {EvoDevo},
  volume    = {14},
  number    = {1},
  pages     = {2},
  year      = {2023},
  publisher = {Springer}
}

@article{obata2010PCGproliferation,
  title     = {{T}he proliferation and migration of immature germ cells in the mussel, \textit{{M}ytilus galloprovincialis}: observation of the expression pattern in the \textit{{M}. galloprovincialis} \textit{vasa}-like gene (\textit{{M}yvlg}) by in situ hybridization},
  author    = {Obata, Mayu and Sano, Natsumi and Kimata, Shunsuke and Nagasawa, Kazue and Yoshizaki, Goro and Komaru, Akira},
  year      = 2010,
  journal   = {Development Genes and Evolution},
  publisher = {Springer},
  volume    = 220,
  pages     = {139--149}
}

@article{fabioux2004oysterAdult,
  title     = {{T}he oyster \textit{vasa}-like gene: a specific marker of the germline in \textit{{C}rassostrea gigas}},
  author    = {Fabioux, Caroline and Pouvreau, St{\'e}phane and Le Roux, Fr{\'e}d{\'e}rique and Huvet, Arnaud},
  year      = 2004,
  journal   = {Biochemical and Biophysical Research Communications},
  publisher = {Elsevier},
  volume    = 315,
  number    = 4,
  pages     = {897--904}
}

@article{milani2017vasa,
  title     = {{V}{A}{S}{A} expression suggests shared germ line dynamics in bivalve molluscs},
  author    = {Milani, Liliana and Pecci, Andrea and Ghiselli, Fabrizio and Passamonti, Marco and Bettini, Simone and Franceschini, Valeria and Maurizii, Maria Gabriella},
  year      = 2017,
  journal   = {Histochemistry and Cell Biology},
  publisher = {Springer},
  volume    = 148,
  pages     = {157--171}
}

@article{kakoi2008vasaSaccostrea,
  title     = {{E}arly development of the {J}apanese spiny oyster (\textit{{S}accostrea kegaki}): characterization of some genetic markers},
  author    = {Kakoi, Shota and Kin, Koryu and Miyazaki, Katsumi and Wada, Hiroshi},
  year      = 2008,
  journal   = {Zoological Science},
  publisher = {BioOne},
  volume    = 25,
  number    = 5,
  pages     = {455--464}
}

@article{swartz2008vasaIlyanessa,
  title     = {{L}ocalization of \textit{{V}asa} m{R}{N}{A} during early cleavage of the snail \textit{{I}lyanassa}},
  author    = {Swartz, S Zachary and Chan, Xin Yi and Lambert, J David},
  year      = 2008,
  journal   = {Development Genes and Evolution},
  publisher = {Springer},
  volume    = 218,
  pages     = {107--113}
}

@article{kranz2010vasaHaliotis,
  title     = {{I}dentifying the germline in an equally cleaving mollusc: \textit{{V}asa} and \textit{{N}anos} expression during embryonic and larval development of the vetigastropod \textit{{H}aliotis asinina}},
  author    = {Kranz, Alexandrea M and Tollenaere, Alina and Norris, Belinda J and Degnan, Bernard M and Degnan, Sandie M},
  year      = 2010,
  journal   = {Journal of Experimental Zoology Part B: Molecular and Developmental Evolution},
  publisher = {Wiley Online Library},
  volume    = 314,
  number    = 4,
  pages     = {267--279}
}

@article{fabioux2004oysterEmbryo,
  title     = {{O}yster \textit{vasa}-like gene as a marker of the germline cell development in \textit{{C}rassostrea gigas}},
  author    = {Fabioux, Caroline and Huvet, Arnaud and Lelong, C and Robert, Rene and Pouvreau, Stephane and Daniel, Jean-Yves and Minguant, C and Le Pennec, M},
  year      = 2004,
  journal   = {Biochemical and Biophysical Research Communications},
  publisher = {Elsevier},
  volume    = 320,
  number    = 2,
  pages     = {592--598}
}

@article{saavedra1997mytilus,
  title     = {{M}ale-dependent doubly uniparental inheritance of mitochondrial {D}{N}{A} and female-dependent sex-ratio in the mussel \textit{{M}ytilus galloprovincialis}},
  author    = {Saavedra, Carlos and Reyero, Mar{\'\i}a-Isabel and Zouros, Eleftherios},
  year      = 1997,
  journal   = {Genetics},
  publisher = {Oxford University Press},
  volume    = 145,
  number    = 4,
  pages     = {1073--1082}
}

@article{richardson2023comparativeSex,
  title     = {{C}omparative developmental genomics of sex-biased gene expression in early embryogenesis across mammals},
  author    = {Richardson, Victorya and Engel, Nora and Kulathinal, Rob J},
  year      = 2023,
  journal   = {Biology of Sex Differences},
  publisher = {Springer},
  volume    = 14,
  number    = 1,
  pages     = 30
}

@article{kuehn2022probegenerator,
  title     = {{S}egment number threshold determines juvenile onset of germline cluster expansion in \textit{{P}latynereis dumerilii}},
  author    = {Kuehn, Emily and Clausen, David S and Null, Ryan W and Metzger, Bria M and Willis, Amy D and {\"O}zpolat, B Duygu},
  year      = 2022,
  journal   = {Journal of Experimental Zoology Part B: Molecular and Developmental Evolution},
  publisher = {Wiley Online Library},
  volume    = 338,
  number    = 4,
  pages     = {225--240}
}

@article{extavour2003mechanisms,
  title     = {{M}echanisms of germ cell specification across the metazoans: epigenesis and preformation},
  author    = {Extavour, Cassandra G and Akam, Michael},
  year      = {2003},
  journal   = {Development},
  volume    = {130},
  number    = {24},
  pages     = {5869--5884},
  publisher = {Oxford University Press for The Company of Biologists Limited}
}

@article{zouros2013biparental,
  title     = {{B}iparental inheritance through uniparental transmission: the doubly uniparental inheritance ({D}{U}{I}) of mitochondrial {D}{N}{A}},
  author    = {Zouros, Eleftherios},
  journal   = {Evolutionary Biology},
  volume    = {40},
  pages     = {1--31},
  year      = {2013},
  publisher = {Springer}
}

@article{salz2010sex,
  title     = {{S}ex determination in \textit{{D}rosophila}: {T}he view from the top},
  author    = {Salz, Helen and Erickson, James W},
  journal   = {Fly},
  volume    = {4},
  number    = {1},
  pages     = {60--70},
  year      = {2010},
  publisher = {Taylor \& Francis}
}

@article{pertea2015stringtie,
  title     = {{S}tring{T}ie enables improved reconstruction of a transcriptome from {R}{N}{A}-seq reads},
  author    = {Pertea, Mihaela and Pertea, Geo M and Antonescu, Corina M and Chang, Tsung-Cheng and Mendell, Joshua T and Salzberg, Steven L},
  year      = 2015,
  journal   = {Nature Biotechnology},
  publisher = {Nature Publishing Group US New York},
  volume    = 33,
  number    = 3,
  pages     = {290--295}
}

@article{extavour2007evolutionGermline,
  title     = {{E}volution of the bilaterian germ line: lineage origin and modulation of specification mechanisms},
  author    = {Extavour, Cassandra GM},
  year      = 2007,
  journal   = {Integrative and Comparative Biology},
  publisher = {Oxford University Press},
  volume    = 47,
  number    = 5,
  pages     = {770--785}
}

@article{obata2012PCGspecification_molluscs,
  title   = {{T}he mechanisms of primordial germ cell determination during embryogenesis in molluscan species},
  author  = {Obata, M and Komaru, A},
  year    = 2012,
  journal = {Invertebrate Survival Journal},
  volume  = 9,
  number  = 2,
  pages   = {223--229}
}

@article{obata2005specific,
  title     = {{S}pecific location of sperm mitochondria in mussel \textit{{M}ytilus galloprovincialis} zygotes stained by {M}ito{T}racker},
  author    = {Obata, Mayu and Komaru, Akira},
  year      = 2005,
  journal   = {Development, Growth \& Differentiation},
  publisher = {Wiley Online Library},
  volume    = 47,
  number    = 4,
  pages     = {255--263}
}

@book{helm2004hatchery,
  title  = {{H}atchery culture of bivalves: a practical manual},
  author = {Helm, Michael M and Bourne, Neil and Lovatelli, Alessandro},
  year   = 2004
}

@article{kenchington2009dui,
  title     = {{P}aternal mt{D}{N}{A} and maleness are co-inherited but not causally linked in mytilid mussels},
  author    = {Kenchington, Ellen L and Hamilton, Lorraine and Cogswell, Andrew and Zouros, Eleftherios},
  year      = 2009,
  journal   = {PLoS One},
  publisher = {Public Library of Science San Francisco, USA},
  volume    = 4,
  number    = 9,
  pages     = {e6976}
}

@article{conesa2006masigpro,
  title     = {ma{S}ig{P}ro: a method to identify significantly differential expression profiles in time-course microarray experiments},
  author    = {Conesa, Ana and Nueda, Mar{\'\i}a Jos{\'e} and Ferrer, Alberto and Tal{\'o}n, Manuel},
  year      = 2006,
  journal   = {Bioinformatics},
  publisher = {Oxford University Press},
  volume    = 22,
  number    = 9,
  pages     = {1096--1102}
}

@article{love2014deseq2,
  title     = {{M}oderated estimation of fold change and dispersion for {R}{N}{A}-seq data with {D}{E}{S}eq2},
  author    = {Love, Michael I and Huber, Wolfgang and Anders, Simon},
  year      = 2014,
  journal   = {Genome Biology},
  publisher = {BioMed Central},
  volume    = 15,
  number    = 12,
  pages     = {1--21}
}

@article{pertea2016stringtie,
  title     = {{T}ranscript-level expression analysis of {R}{N}{A}-seq experiments with {H}{I}{S}{A}{T}, {S}tring{T}ie and {B}allgown},
  author    = {Pertea, Mihaela and Kim, Daehwan and Pertea, Geo M and Leek, Jeffrey T and Salzberg, Steven L},
  year      = 2016,
  journal   = {Nature Protocols},
  publisher = {Nature Publishing Group},
  volume    = 11,
  number    = 9,
  pages     = {1650--1667}
}

@article{miglioli2024hcrMytilus,
  title     = {{T}he {M}editerranean mussel \textit{{M}ytilus galloprovincialis}: a novel model for developmental studies in mollusks},
  author    = {Miglioli, Angelica and Tredez, Marion and Boosten, Manon and Sant, Camille and Carvalho, Jo{\~a}o E and Dru, Philippe and Canesi, Laura and Schubert, Michael and Dumollard, R{\'e}mi},
  year      = 2024,
  journal   = {Development},
  publisher = {The Company of Biologists Ltd},
  volume    = 151,
  number    = 4,
  pages     = {dev202256}
}

@article{klein2013conserved,
  title     = {{C}onserved structural domains in {F}ox{D}4{L}1, a neural forkhead box transcription factor, are required to repress or activate target genes},
  author    = {Klein, Steven L and Neilson, Karen M and Orban, John and Yaklichkin, Sergey and Hoffbauer, Jennifer and Mood, Kathy and Daar, Ira O and Moody, Sally A},
  year      = 2013,
  journal   = {PLoS One},
  publisher = {Public Library of Science San Francisco, USA},
  volume    = 8,
  number    = 4,
  pages     = {e61845}
}

@article{qi2023construction,
  title     = {{C}onstruction and analysis of the chromosome-level haplotype-resolved genomes of two \textit{{C}rassostrea} oyster congeners: \textit{{C}rassostrea angulata} and \textit{{C}rassostrea gigas}},
  author    = {Qi, Haigang and Cong, Rihao and Wang, Yanjun and Li, Li and Zhang, Guofan},
  year      = 2023,
  journal   = {GigaScience},
  publisher = {Oxford University Press},
  volume    = 12,
  pages     = {giad077}
}

@article{russo2013phylogenetic,
  title     = {{P}hylogenetic analysis and a time tree for a large drosophilid data set ({D}iptera: {D}rosophilidae)},
  author    = {Russo, Claudia AM and Mello, Beatriz and Fraz{\~a}o, Annelise and Voloch, Carolina M},
  year      = 2013,
  journal   = {Zoological Journal of the Linnean Society},
  publisher = {Oxford University Press},
  volume    = 169,
  number    = 4,
  pages     = {765--775}
}

@article{foster1992evolution,
  title     = {{E}volution of sex determination and the {Y} chromosome: \textit{{S}{R}{Y}}-related sequences in marsupials},
  author    = {Foster, Jamie W and Brennan, Francine E and Hampikian, Gregory K and Goodfellow, Peter N and Sinclair, Andrew H and Lovell-Badge, Robin and Selwood, Lynne and Renfree, Marilyn B and Cooper, Desmond W and Marshall Graves, Jennifer A},
  year      = 1992,
  journal   = {Nature},
  publisher = {Nature Publishing Group UK London},
  volume    = 359,
  number    = 6395,
  pages     = {531--533}
}

@article{alvarez2022species,
  title     = {{A} species-level timeline of mammal evolution integrating phylogenomic data},
  author    = {{\'A}lvarez-Carretero, Sandra and Tamuri, Asif U and Battini, Matteo and Nascimento, Fabr{\'\i}cia F and Carlisle, Emily and Asher, Robert J and Yang, Ziheng and Donoghue, Philip CJ and Dos Reis, Mario},
  year      = 2022,
  journal   = {Nature},
  publisher = {Nature Publishing Group UK London},
  volume    = 602,
  number    = 7896,
  pages     = {263--267}
}

@article{song2023scaphopoda,
  title     = {{S}caphopoda is the sister taxon to {B}ivalvia: {E}vidence of ancient incomplete lineage sorting},
  author    = {Song, Hao and Wang, Yunan and Shao, Haojing and Li, Zhuoqing and Hu, Pinli and Yap-Chiongco, Meghan K and Shi, Pu and Zhang, Tao and Li, Cui and Wang, Yiguan and others},
  year      = 2023,
  journal   = {Proceedings of the National Academy of Sciences},
  publisher = {National Acad Sciences},
  volume    = 120,
  number    = 40,
  pages     = {e2302361120}
}

@article{hemmer2016holding,
  title     = {{H}olding it together: rapid evolution and positive selection in the synaptonemal complex of \textit{{D}rosophila}},
  author    = {Hemmer, Lucas W and Blumenstiel, Justin P},
  year      = 2016,
  journal   = {BMC Evolutionary Biology},
  publisher = {Springer},
  volume    = 16,
  pages     = {1--17}
}

@article{vinkler2023understanding,
  title     = {{U}nderstanding the evolution of immune genes in jawed vertebrates},
  author    = {Vinkler, Michal and Fiddaman, Steven R and T{\v{e}}{\v{s}}ick{\`y}, Martin and O'Connor, Emily A and Savage, Anna E and Lenz, Tobias L and Smith, Adrian L and Kaufman, Jim and Bolnick, Daniel I and Davies, Charli S and others},
  year      = 2023,
  journal   = {Journal of Evolutionary Biology},
  publisher = {Blackwell Publishing Ltd Oxford, UK},
  volume    = 36,
  number    = 6,
  pages     = {847--873}
}

@article{murat2023molecular,
  title     = {{T}he molecular evolution of spermatogenesis across mammals},
  author    = {Murat, Florent and Mbengue, Noe and Winge, Sofia Boeg and Trefzer, Timo and Leushkin, Evgeny and Sepp, Mari and Cardoso-Moreira, Margarida and Schmidt, Julia and Schneider, Celine and M{\"o}{\ss}inger, Katharina and others},
  year      = 2023,
  journal   = {Nature},
  publisher = {Nature Publishing Group UK London},
  volume    = 613,
  number    = 7943,
  pages     = {308--316}
}

@article{renschler2019hi,
  title     = {{H}i-{C} guided assemblies reveal conserved regulatory topologies on {X} and autosomes despite extensive genome shuffling},
  author    = {Renschler, Gina and Richard, Gautier and Valsecchi, Claudia Isabelle Keller and Toscano, Sarah and Arrigoni, Laura and Ram{\'\i}rez, Fidel and Akhtar, Asifa},
  year      = 2019,
  journal   = {Genes \& Development},
  publisher = {Cold Spring Harbor Lab},
  volume    = 33,
  number    = {21-22},
  pages     = {1591--1612}
}

@article{mai2020patterns,
  title     = {{P}atterns of genomic differentiation in the \textit{{D}rosophila nasuta} species complex},
  author    = {Mai, Dat and Nalley, Matthew J and Bachtrog, Doris},
  year      = 2020,
  journal   = {Molecular Biology and Evolution},
  publisher = {Oxford University Press},
  volume    = 37,
  number    = 1,
  pages     = {208--220}
}

@article{dong2022new,
  title     = {{N}ew gene evolution with subcellular expression patterns detected in {P}ac{B}io-sequenced genomes of \textit{{D}rosophila} genus},
  author    = {Dong, Chuan and Zhang, Li and Xia, Shengqian and Sosa, Dylan and Arsala, Deanna and Long, Manyuan},
  year      = 2022,
  journal   = {bioRxiv},
  publisher = {Cold Spring Harbor Laboratory},
  pages     = {2022--11}
}

@article{sanchez2016genome,
  title     = {{G}enome evolution in three species of cactophilic \textit{{D}rosophila}},
  author    = {Sanchez-Flores, Alejandro and Pe{\~n}aloza, Fernando and Carpinteyro-Ponce, Javier and Nazario-Yepiz, Nestor and Abreu-Goodger, Cei and Machado, Carlos A and Markow, Therese Ann},
  year      = 2016,
  journal   = {G3: Genes, Genomes, Genetics},
  publisher = {Oxford University Press},
  volume    = 6,
  number    = 10,
  pages     = {3097--3105}
}

@article{ranz2023gene,
  title     = {{G}ene expression differentiation in the reproductive tissues of \textit{{D}rosophila willistoni} subspecies and their hybrids},
  author    = {Ranz, Jos{\'e} M and Go, Alwyn C and Gonz{\'a}lez, Pablo M and Clifton, Bryan D and Gomes, Suzanne and Jaberyzadeh, Amirali and Woodbury, Amanda and Chan, Carolus and Gandasetiawan, Kania A and Jayasekera, Suvini and others},
  year      = 2023,
  journal   = {Molecular Ecology},
  publisher = {Wiley Online Library},
  volume    = 32,
  number    = 13,
  pages     = {3605--3623}
}

@article{mahajan2018novo,
  title     = {{D}e novo assembly of a young \textit{{D}rosophila} {Y} chromosome using single-molecule sequencing and chromatin conformation capture},
  author    = {Mahajan, Shivani and Wei, Kevin H-C and Nalley, Matthew J and Gibilisco, Lauren and Bachtrog, Doris},
  year      = 2018,
  journal   = {PLoS Biology},
  publisher = {Public Library of Science San Francisco, CA USA},
  volume    = 16,
  number    = 7,
  pages     = {e2006348}
}

@article{liao2021topologically,
  title     = {{T}opologically associating domains and their role in the evolution of genome structure and function in \textit{{D}rosophila}},
  author    = {Liao, Yi and Zhang, Xinwen and Chakraborty, Mahul and Emerson, JJ},
  year      = 2021,
  journal   = {Genome Research},
  publisher = {Cold Spring Harbor Lab},
  volume    = 31,
  number    = 3,
  pages     = {397--410}
}

@article{tvedte2021comparison,
  title     = {{C}omparison of long-read sequencing technologies in interrogating bacteria and fly genomes},
  author    = {Tvedte, Eric S and Gasser, Mark and Sparklin, Benjamin C and Michalski, Jane and Hjelmen, Carl E and Johnston, J Spencer and Zhao, Xuechu and Bromley, Robin and Tallon, Luke J and Sadzewicz, Lisa and others},
  year      = 2021,
  journal   = {G3: Genes, Genomes, Genetics},
  publisher = {Oxford University Press},
  volume    = 11,
  number    = 6,
  pages     = {jkab083}
}

@article{allen2017single,
  title     = {{S}ingle-molecule sequencing of the \textit{{D}rosophila serrata} genome},
  author    = {Allen, Scott L and Delaney, Emily K and Kopp, Artyom and Chenoweth, Stephen F},
  year      = 2017,
  journal   = {G3: Genes, Genomes, Genetics},
  publisher = {Oxford University Press},
  volume    = 7,
  number    = 3,
  pages     = {781--788}
}

@article{kim2021highly,
  title     = {{H}ighly contiguous assemblies of 101 drosophilid genomes},
  author    = {Kim, Bernard Y and Wang, Jeremy R and Miller, Danny E and Barmina, Olga and Delaney, Emily and Thompson, Ammon and Comeault, Aaron A and Peede, David and D'Agostino, Emmanuel RR and Pelaez, Julianne and others},
  year      = 2021,
  journal   = {eLife},
  publisher = {eLife Sciences Publications Limited},
  volume    = 10,
  pages     = {e66405}
}

@article{paris2020near,
  title     = {{N}ear-chromosome level genome assembly of the fruit pest \textit{{D}rosophila suzukii} using long-read sequencing},
  author    = {Paris, Mathilde and Boyer, Roxane and Jaenichen, Rita and Wolf, Jochen and Karageorgi, Marianthi and Green, Jack and Cagnon, Mathilde and Parinello, Hugues and Estoup, Arnaud and Gautier, Mathieu and others},
  year      = 2020,
  journal   = {Scientific Reports},
  publisher = {Nature Publishing Group UK London},
  volume    = 10,
  number    = 1,
  pages     = 11227
}

@article{hoskins2015release,
  title     = {{T}he {R}elease 6 reference sequence of the \textit{{D}rosophila melanogaster} genome},
  author    = {Hoskins, Roger A and Carlson, Joseph W and Wan, Kenneth H and Park, Soo and Mendez, Ivonne and Galle, Samuel E and Booth, Benjamin W and Pfeiffer, Barret D and George, Reed A and Svirskas, Robert and others},
  year      = 2015,
  journal   = {Genome Research},
  publisher = {Cold Spring Harbor Lab},
  volume    = 25,
  number    = 3,
  pages     = {445--458}
}

@article{chakraborty2021evolution,
  title     = {{E}volution of genome structure in the \textit{{D}rosophila simulans} species complex},
  author    = {Chakraborty, Mahul and Chang, Ching-Ho and Khost, Danielle E and Vedanayagam, Jeffrey and Adrion, Jeffrey R and Liao, Yi and Montooth, Kristi L and Meiklejohn, Colin D and Larracuente, Amanda M and Emerson, JJ},
  year      = 2021,
  journal   = {Genome Research},
  publisher = {Cold Spring Harbor Lab},
  volume    = 31,
  number    = 3,
  pages     = {380--396}
}

@article{habtewold2023chromosomal,
  title     = {{A} chromosomal reference genome sequence for the malaria mosquito, \textit{{A}nopheles gambiae}, {G}iles, 1902, {I}fakara strain},
  author    = {Habtewold, Tibebu and Wagah, Martin and Tambwe, Mgeni Mohamed and Moore, Sarah and Windbichler, Nikolai and Christophides, George and Johnson, Harriet and Heaton, Haynes and Collins, Joanna and Krasheninnikova, Ksenia and others},
  year      = 2023,
  journal   = {Wellcome Open Research},
  publisher = {The Wellcome Trust},
  volume    = 8
}

@article{swanson2002rapid,
  title     = {{T}he rapid evolution of reproductive proteins},
  author    = {Swanson, Willie J and Vacquier, Victor D},
  year      = 2002,
  journal   = {Nature Reviews Genetics},
  publisher = {Nature Publishing Group UK London},
  volume    = 3,
  number    = 2,
  pages     = {137--144}
}

@article{echave2016causes,
  title     = {{C}auses of evolutionary rate variation among protein sites},
  author    = {Echave, Julian and Spielman, Stephanie J and Wilke, Claus O},
  year      = 2016,
  journal   = {Nature Reviews Genetics},
  publisher = {Nature Publishing Group UK London},
  volume    = 17,
  number    = 2,
  pages     = {109--121}
}

@article{dalpe2022influence,
  title     = {The influence of environmental conditions on sex determination in the blue mussel \textit{Mytilus edulis}},
  author    = {Dalp{\'e}, Andr{\'e}anne and Lalonde-Larue, Ariane and Choquette, Thierry and Cimmino, Jade and Leroux, {\'E}m{\'e}lie and Leung, Christelle and Stewart, Donald T and Angers, Bernard and Breton, Sophie},
  journal   = {ICES Journal of Marine Science},
  volume    = {79},
  number    = {2},
  pages     = {394--402},
  year      = {2022},
  publisher = {Oxford University Press}
}

@article{sun2022examination,
  title     = {{E}xamination of the roles of \textit{{F}oxl2} and \textit{{D}mrt1} in sex differentiation and gonadal development of oysters by using {R}{N}{A} interference},
  author    = {Sun, Dongfang and Yu, Hong and Li, Qi},
  year      = 2022,
  journal   = {Aquaculture},
  publisher = {Elsevier},
  volume    = 548,
  pages     = 737732
}

@article{liang2019sox2,
  title     = {\textit{{S}{O}{X}2} participates in spermatogenesis of {Z}hikong scallop \textit{{C}hlamys farreri}},
  author    = {Liang, Shaoshuai and Liu, Danwen and Li, Xixi and Wei, Maokai and Yu, Xiaohan and Li, Qi and Ma, Huixin and Zhang, Zhifeng and Qin, Zhenkui},
  year      = 2019,
  journal   = {Scientific Reports},
  publisher = {Nature Publishing Group UK London},
  volume    = 9,
  number    = 1,
  pages     = 76
}

@article{shi2018proteome,
  title     = {{P}roteome and transcriptome analysis of ovary, intersex gonads, and testis reveals potential key sex reversal/differentiation genes and mechanism in scallop \textit{{C}hlamys nobilis}},
  author    = {Shi, Yu and Liu, Wenguang and He, Maoxian},
  year      = 2018,
  journal   = {Marine Biotechnology},
  publisher = {Springer},
  volume    = 20,
  pages     = {220--245}
}

@article{marshall2010homologies,
  title     = {{A}re homologies in vertebrate sex determination due to shared ancestry or to limited options?},
  author    = {Marshall Graves, Jennifer A and Peichel, Catherine L},
  year      = 2010,
  journal   = {Genome Biology},
  publisher = {Springer},
  volume    = 11,
  pages     = {1--12}
}

@article{milani2014paternally,
  title     = {{P}aternally transmitted mitochondria express a new gene of potential viral origin},
  author    = {Milani, Liliana and Ghiselli, Fabrizio and Maurizii, Maria Gabriella and Nuzhdin, Sergey V and Passamonti, Marco},
  year      = 2014,
  journal   = {Genome Biology and Evolution},
  publisher = {Oxford University Press},
  volume    = 6,
  number    = 2,
  pages     = {391--405}
}

@article{zhang2014genomic,
  title     = {{G}enomic analysis of the {P}acific oyster (\textit{{C}rassostrea gigas}) reveals possible conservation of vertebrate sex determination in a mollusc},
  author    = {Zhang, Na and Xu, Fei and Guo, Ximing},
  year      = 2014,
  journal   = {G3: Genes, Genomes, Genetics},
  publisher = {Oxford University Press},
  volume    = 4,
  number    = 11,
  pages     = {2207--2217}
}

@article{whitfield1993mammal_sry,
  title     = {{R}apid sequence evolution of the mammalian sex-determining gene \textit{{S}{R}{Y}}},
  author    = {Whitfield, L Simon and Lovell-Badge, Robin and Goodfellow, Peter N},
  year      = 1993,
  journal   = {Nature},
  publisher = {Nature Publishing Group UK London},
  volume    = 364,
  number    = 6439,
  pages     = {713--715}
}

@article{nie2018rna,
  title     = {{R}{N}{A}-{S}eq analysis of differentially expressed genes in the grand jackknife clam \textit{{S}olen grandis} under aerial exposure},
  author    = {Nie, Hongtao and Dong, Shasha and Li, Dongdong and Zheng, Mengge and Jiang, Liwen and Li, Xiaodong and Yan, Xiwu},
  year      = 2018,
  journal   = {Comparative Biochemistry and Physiology Part D: Genomics and Proteomics},
  publisher = {Elsevier},
  volume    = 28,
  pages     = {54--62}
}

@article{putnam2022dynamic,
  title     = {{D}ynamic {D}{N}{A} methylation contributes to carryover effects and beneficial acclimatization in geoduck clams},
  author    = {Putnam, Hollie M and Trigg, Shelly A and White, Samuel J and Spencer, Laura H and Vadopalas, Brent and Natarajan, Aparna and Hetzel, Jonathan and Jaeger, Erich and Soohoo, Jonathan and Gallardo-Esc{\'a}rate, Cristian and others},
  year      = 2022,
  journal   = {bioRxiv},
  publisher = {Cold Spring Harbor Laboratory},
  pages     = {2022--06}
}

@article{lan2019host,
  title     = {{H}ost--symbiont interactions in deep-sea chemosymbiotic vesicomyid clams: insights from transcriptome sequencing},
  author    = {Lan, Yi and Sun, Jin and Zhang, Weipeng and Xu, Ting and Zhang, Yu and Chen, Chong and Feng, Dong and Wang, Hongbin and Tao, Jun and Qiu, Jian-Wen and others},
  year      = 2019,
  journal   = {Frontiers in Marine Science},
  publisher = {Frontiers Media SA},
  volume    = 6,
  pages     = 680
}

@article{briones2018novo,
  title     = {{D}e novo male gonad transcriptome draft for the marine mussel \textit{{P}erumytilus purpuratus} with a focus on its reproductive-related proteins},
  author    = {Briones, Carolina and Nu{\~n}ez, Jos{\'e} J and P{\'e}rez, Montse and Espinoza-Rojas, Daniela and Molina-Quiroz, Cristian and Gui{\~n}ez, Ricardo},
  year      = 2018,
  journal   = {Journal of Genomics},
  publisher = {Ivyspring International Publisher},
  volume    = 6,
  pages     = 127
}

@article{meng2018transcriptome,
  title     = {{T}ranscriptome assembly of {M}odiolus modiolus and comparative analysis with \textit{{B}athymodiolus platifrons}},
  author    = {Meng, Jie and Yang, Mei and Xu, Fei and Li, Xinzheng and Li, Li},
  year      = 2018,
  journal   = {Acta Oceanologica Sinica},
  publisher = {Springer},
  volume    = 37,
  pages     = {38--45}
}

@article{shimizu2022evolution,
  title     = {{E}volution of nacre-and prisms-related shell matrix proteins in the pen shell, \textit{{A}trina pectinata}},
  author    = {Shimizu, Keisuke and Negishi, Lumi and Ito, Takumi and Touma, Shogo and Matsumoto, Toshie and Awaji, Masahiko and Kurumizaka, Hitoshi and Yoshitake, Kazutoshi and Kinoshita, Shigeharu and Asakawa, Shuichi and others},
  year      = 2022,
  journal   = {Comparative Biochemistry and Physiology Part D: Genomics and Proteomics},
  publisher = {Elsevier},
  volume    = 44,
  pages     = 101025
}

@article{kumano2015evolution,
  title     = {{E}volution of germline segregation processes in animal development},
  author    = {Kumano, Gaku},
  journal   = {Development, Growth \& Differentiation},
  volume    = {57},
  number    = {4},
  pages     = {324--332},
  year      = {2015},
  publisher = {Wiley Online Library}
}

@article{deBono1996caenorhabditis_tra,
  title     = {{E}volution of sex determination in \textit{{C}aenorhabditis}: unusually high divergence of \textit{tra-1} and its functional consequences},
  author    = {de Bono, Mario and Hodgkin, Jonathan},
  year      = 1996,
  journal   = {Genetics},
  publisher = {Oxford University Press},
  volume    = 144,
  number    = 2,
  pages     = {587--595}
}

@article{collin2013phylogenetic,
  title     = {{P}hylogenetic patterns and phenotypic plasticity of molluscan sexual systems},
  author    = {Collin, Rachel},
  year      = 2013,
  journal   = {Integrative and Comparative Biology},
  publisher = {Oxford University Press},
  volume    = 53,
  number    = 4,
  pages     = {723--735}
}

@article{corrochano2022evidence,
  title     = {{E}vidence of multiple genome duplication events in \textit{{M}ytilus} evolution},
  author    = {Corrochano-Fraile, Ana and Davie, Andrew and Carboni, Stefano and Bekaert, Micha{\"e}l},
  year      = 2022,
  journal   = {BMC Genomics},
  publisher = {Springer},
  volume    = 23,
  number    = 1,
  pages     = 340
}

@article{cutter2005sexual,
  title     = {{S}exual and temporal dynamics of molecular evolution in \textit{{C}. elegans} development},
  author    = {Cutter, Asher D and Ward, Samuel},
  year      = 2005,
  journal   = {Molecular Biology and Evolution},
  publisher = {Oxford University Press},
  volume    = 22,
  number    = 1,
  pages     = {178--188}
}

@article{dermauw2020diversity,
  title     = {{D}iversity and evolution of the {P}450 family in arthropods},
  author    = {Dermauw, Wannes and Van Leeuwen, Thomas and Feyereisen, Ren{\'e}},
  year      = 2020,
  journal   = {Insect Biochemistry and Molecular Biology},
  publisher = {Elsevier},
  volume    = 127,
  pages     = 103490
}

@article{eads2007profiling,
  title     = {{P}rofiling sex-biased gene expression during parthenogenetic reproduction in \textit{{D}aphnia pulex}},
  author    = {Eads, Brian D and Colbourne, John K and Bohuski, Elizabeth and Andrews, Justen},
  year      = 2007,
  journal   = {BMC Genomics},
  publisher = {Springer},
  volume    = 8,
  pages     = {1--14}
}

@article{eddy2011accelerated,
  title     = {{A}ccelerated profile {H}{M}{M} searches},
  author    = {Eddy, Sean R},
  year      = 2011,
  journal   = {PLoS Computational Biology},
  publisher = {Public Library of Science San Francisco, USA},
  volume    = 7,
  number    = 10,
  pages     = {e1002195}
}

@article{gerdol2020massive,
  title     = {{M}assive gene presence-absence variation shapes an open pan-genome in the {M}editerranean mussel},
  author    = {Gerdol, Marco and Moreira, Rebeca and Cruz, Fernando and G{\'o}mez-Garrido, Jessica and Vlasova, Anna and Rosani, Umberto and Venier, Paola and Naranjo-Ortiz, Miguel A and Murgarella, Maria and Greco, Samuele and others},
  year      = 2020,
  journal   = {Genome Biology},
  publisher = {Springer},
  volume    = 21,
  pages     = {1--21}
}

@article{ghiselli2021bivalve,
  title     = {{B}ivalve molluscs as model systems for studying mitochondrial biology},
  author    = {Ghiselli, Fabrizio and Iannello, Mariangela and Piccinini, Giovanni and Milani, Liliana},
  year      = 2021,
  journal   = {Integrative and Comparative Biology},
  publisher = {Oxford University Press},
  volume    = 61,
  number    = 5,
  pages     = {1699--1714}
}

@article{gomes2021crown,
  title     = {{T}he {C}rown {P}earl: a draft genome assembly of the {E}uropean freshwater pearl mussel \textit{{M}argaritifera margaritifera} ({L}innaeus, 1758)},
  author    = {Gomes-dos-Santos, Andr{\'e} and Lopes-Lima, Manuel and Machado, Andr{\'e} M and Marcos Ramos, Ant{\'o}nio and Usi{\'e}, Ana and Bolotov, Ivan N and Vikhrev, Ilya V and Breton, Sophie and Castro, L Filipe C and da Fonseca, Rute R and others},
  year      = 2021,
  journal   = {DNA Research},
  publisher = {Oxford University Press},
  volume    = 28,
  number    = 2,
  pages     = {dsab002}
}

@article{grabherr2011trinity,
  title     = {{T}rinity: reconstructing a full-length transcriptome without a genome from {R}{N}{A}-{S}eq data},
  author    = {Grabherr, Manfred G and Haas, Brian J and Yassour, Moran and Levin, Joshua Z and Thompson, Dawn A and Amit, Ido and Adiconis, Xian and Fan, Lin and Raychowdhury, Raktima and Zeng, Qiandong and others},
  year      = 2011,
  journal   = {Nature Biotechnology},
  publisher = {NIH Public Access},
  volume    = 29,
  number    = 7,
  pages     = 644
}

@article{grau2021orthology,
  title     = {{O}rthology clusters from gene trees with {P}ossvm},
  author    = {Grau-Bov{\'e}, Xavier and Seb{\'e}-Pedr{\'o}s, Arnau},
  year      = 2021,
  journal   = {Molecular Biology and Evolution},
  publisher = {Oxford University Press},
  volume    = 38,
  number    = 11,
  pages     = {5204--5208}
}

@article{han2010characterization,
  title     = {{C}haracterization, phylogeny, alternative splicing and expression of \textit{{S}ox30} gene},
  author    = {Han, Fei and Wang, Zhijian and Wu, Fengrui and Liu, Zhihao and Huang, Baofeng and Wang, Deshou},
  year      = 2010,
  journal   = {BMC Molecular Biology},
  publisher = {Springer},
  volume    = 11,
  pages     = {1--11}
}

@article{heenan2016evolution,
  title     = {{E}volution of the {S}ox gene family within the chordate phylum},
  author    = {Heenan, Phoebe and Zondag, Lisa and Wilson, Megan J},
  year      = 2016,
  journal   = {Gene},
  publisher = {Elsevier},
  volume    = 575,
  number    = 2,
  pages     = {385--392}
}

@article{iannello2023signatures,
  title     = {{S}ignatures of extreme longevity: a perspective from bivalve molecular evolution},
  author    = {Iannello, Mariangela and Forni, Giobbe and Piccinini, Giovanni and Xu, Ran and Martelossi, Jacopo and Ghiselli, Fabrizio and Milani, Liliana},
  year      = 2023,
  journal   = {Genome Biology and Evolution},
  publisher = {Oxford University Press US},
  volume    = 15,
  number    = 11,
  pages     = {evad159}
}

@article{inoue2021genomics,
  title     = {{G}enomics and transcriptomics of the green mussel explain the durability of its byssus},
  author    = {Inoue, Koji and Yoshioka, Yuki and Tanaka, Hiroyuki and Kinjo, Azusa and Sassa, Mieko and Ueda, Ikuo and Shinzato, Chuya and Toyoda, Atsushi and Itoh, Takehiko},
  year      = 2021,
  journal   = {Scientific Reports},
  publisher = {Nature Publishing Group UK London},
  volume    = 11,
  number    = 1,
  pages     = 5992
}

@article{ip2021host,
  title     = {{H}ost--endosymbiont genome integration in a deep-sea chemosymbiotic clam},
  author    = {Ip, Jack Chi-Ho and Xu, Ting and Sun, Jin and Li, Runsheng and Chen, Chong and Lan, Yi and Han, Zhuang and Zhang, Haibin and Wei, Jiangong and Wang, Hongbin and others},
  year      = 2021,
  journal   = {Molecular Biology and Evolution},
  publisher = {Oxford University Press},
  volume    = 38,
  number    = 2,
  pages     = {502--518}
}

@article{jackson2010update,
  title     = {{U}pdate of human and mouse forkhead box ({F}{O}{X}) gene families},
  author    = {Jackson, Brian C and Carpenter, Christopher and Nebert, Daniel W and Vasiliou, Vasilis},
  year      = 2010,
  journal   = {Human Genomics},
  publisher = {Springer},
  volume    = 4,
  pages     = {1--8}
}

@article{jombart2010adephylo,
  title   = {{A}dephylo: exploratory analyses for the phylogenetic comparative method},
  author  = {Jombart, Thibaut and Dray, St{\'e}phane},
  year    = 2010,
  journal = {Bioinformatics},
  volume  = 26,
  number  = 15,
  pages   = {1--21}
}

@article{kenny2020gene,
  title     = {{T}he gene-rich genome of the scallop \textit{{P}ecten maximus}},
  author    = {Kenny, Nathan J and McCarthy, Shane A and Dudchenko, Olga and James, Katherine and Betteridge, Emma and Corton, Craig and Dolucan, Jale and Mead, Dan and Oliver, Karen and Omer, Arina D and others},
  year      = 2020,
  journal   = {GigaScience},
  publisher = {Oxford University Press},
  volume    = 9,
  number    = 5,
  pages     = {giaa037}
}

@article{khaitovich2005parallel,
  title     = {{P}arallel patterns of evolution in the genomes and transcriptomes of humans and chimpanzees},
  author    = {Khaitovich, Philipp and Hellmann, Ines and Enard, Wolfgang and Nowick, Katja and Leinweber, Marcus and Franz, Henriette and Weiss, Gunter and Lachmann, Michael and Paabo, Svante},
  year      = 2005,
  journal   = {Science},
  publisher = {American Association for the Advancement of Science},
  volume    = 309,
  number    = 5742,
  pages     = {1850--1854}
}

@article{kopp2012dmrt,
  title     = {{D}mrt genes in the development and evolution of sexual dimorphism},
  author    = {Kopp, Artyom},
  year      = 2012,
  journal   = {Trends in Genetics},
  publisher = {Elsevier},
  volume    = 28,
  number    = 4,
  pages     = {175--184}
}

@article{kousathanas2014faster,
  title     = {{F}aster-{X} adaptive protein evolution in house mice},
  author    = {Kousathanas, Athanasios and Halligan, Daniel L and Keightley, Peter D},
  year      = 2014,
  journal   = {Genetics},
  publisher = {Oxford University Press},
  volume    = 196,
  number    = 4,
  pages     = {1131--1143}
}

@article{larroux2008genesis,
  title     = {{G}enesis and expansion of metazoan transcription factor gene classes},
  author    = {Larroux, Claire and Luke, Graham N and Koopman, Peter and Rokhsar, Daniel S and Shimeld, Sebastian M and Degnan, Bernard M},
  year      = 2008,
  journal   = {Molecular Biology and Evolution},
  publisher = {Oxford University Press},
  volume    = 25,
  number    = 5,
  pages     = {980--996}
}

@article{lemoine2021gotree,
  title     = {{G}otree/{G}oalign: toolkit and {G}o {A}{P}{I} to facilitate the development of phylogenetic workflows},
  author    = {Lemoine, Fr{\'e}d{\'e}ric and Gascuel, Olivier},
  year      = 2021,
  journal   = {NAR Genomics and Bioinformatics},
  publisher = {Oxford University Press},
  volume    = 3,
  number    = 3,
  pages     = {lqab075}
}

@article{li2021genome,
  title     = {{G}enome of the estuarine oyster provides insights into climate impact and adaptive plasticity},
  author    = {Li, Ao and Dai, He and Guo, Ximing and Zhang, Ziyan and Zhang, Kexin and Wang, Chaogang and Wang, Xinxing and Wang, Wei and Chen, Hongju and Li, Xumin and others},
  year      = 2021,
  journal   = {Communications Biology},
  publisher = {Nature Publishing Group UK London},
  volume    = 4,
  number    = 1,
  pages     = 1287
}

@article{li2023miniprot,
  title     = {{P}rotein-to-genome alignment with miniprot},
  author    = {Li, Heng},
  year      = 2023,
  journal   = {Bioinformatics},
  publisher = {Oxford University Press},
  volume    = 39,
  number    = 1,
  pages     = {btad014}
}

@article{liu2024characterization,
  title     = {{C}haracterization and expression patterns of the {F}ox gene family under heat and cold stress in {M}anila clam \textit{{R}uditapes philippinarum} based on genome-wide identification},
  author    = {Liu, Tao and Zhang, Yue and Nie, Hongtao and Sun, Jingxian and Yan, Xiwu},
  year      = 2024,
  journal   = {Comparative Biochemistry and Physiology Part D: Genomics and Proteomics},
  publisher = {Elsevier},
  volume    = 52,
  pages     = 101313
}

@article{liu2020draft,
  title     = {{D}raft genomes of two {A}tlantic bay scallop subspecies \textit{{A}rgopecten irradians irradians} and \textit{{A}. i. concentricus}},
  author    = {Liu, Xiao and Li, Chao and Chen, Min and Liu, Bo and Yan, Xiaojun and Ning, Junhao and Ma, Bin and Liu, Guilong and Zhong, Zhaoshan and Jia, Yanglei and others},
  year      = 2020,
  journal   = {Scientific Data},
  publisher = {Nature Publishing Group UK London},
  volume    = 7,
  number    = 1,
  pages     = 99
}

@article{nicolini2023bivalves,
  title     = {{B}ivalves as emerging model systems to study the mechanisms and evolution of sex determination: a genomic point of view},
  author    = {Nicolini, Filippo and Ghiselli, Fabrizio and Luchetti, Andrea and Milani, Liliana},
  year      = 2023,
  journal   = {Genome Biology and Evolution},
  publisher = {Oxford University Press US},
  volume    = 15,
  number    = 10,
  pages     = {evad181}
}

@article{seudre2022fox,
  title     = {{T}he \textit{{F}ox} gene repertoire in the annelid \textit{{O}wenia fusiformis} reveals multiple expansions of the \textit{fox{Q}2} class in {S}piralia},
  author    = {Seudre, Oc{\'e}ane and Mart{\'\i}n-Zamora, Francisco M and Rapisarda, Valentina and Luqman, Imran and Carrillo-Baltodano, Allan M and Mart{\'\i}n-Dur{\'a}n, Jos{\'e} M},
  year      = 2022,
  journal   = {Genome Biology and Evolution},
  publisher = {Oxford University Press US},
  volume    = 14,
  number    = 10,
  pages     = {evac139}
}

@article{schomburg2022phylogenetic,
  title     = {{P}hylogenetic analysis of forkhead transcription factors in the {P}anarthropoda},
  author    = {Schomburg, Christoph and Janssen, Ralf and Prpic, Nikola-Michael},
  year      = 2022,
  journal   = {Development Genes and Evolution},
  publisher = {Springer},
  volume    = 232,
  number    = 1,
  pages     = {39--48}
}

@article{wang2024genome,
  title     = {{G}enome-wide identification and expression analysis of {S}ox gene family in the {M}anila clam (\textit{{R}uditapes philippinarum})},
  author    = {Wang, Jiadi and Nie, Hongtao},
  year      = 2024,
  journal   = {Comparative Biochemistry and Physiology Part D: Genomics and Proteomics},
  publisher = {Elsevier},
  volume    = 50,
  pages     = 101244
}

@article{nicolini2023comparative,
  title     = {{C}omparative genomics of {H}ox and {P}ara{H}ox genes among major lineages of {B}ranchiopoda with emphasis on tadpole shrimps},
  author    = {Nicolini, Filippo and Martelossi, Jacopo and Forni, Giobbe and Savojardo, Castrense and Mantovani, Barbara and Luchetti, Andrea},
  year      = 2023,
  journal   = {Frontiers in Ecology and Evolution},
  publisher = {Frontiers Media SA},
  volume    = 11,
  pages     = 1046960
}

@online{haasTransdecoder,
  title  = {{T}rans{D}ecoder},
  author = {Haas, Brian John},
  url    = {https://github.com/TransDecoder}
}

@article{dainat2022another,
  title   = {{A}nother {G}ff analysis toolkit to handle annotations in any {G}{T}{F}/{G}{F}{F} format ({V}ersion v1. 0)},
  author  = {Dainat, J and Here{\~n}{\'u}, D and Davis, E and Crouch, K and Sol, L and Agostinho, N},
  year    = 2022,
  journal = {Zenodo. doi},
  volume  = 10
}

@article{benayoun2011forkhead,
  title     = {{F}orkhead transcription factors: key players in health and disease},
  author    = {Benayoun, B{\'e}r{\'e}nice A and Caburet, Sandrine and Veitia, Reiner A},
  year      = 2011,
  journal   = {Trends in Genetics},
  publisher = {Elsevier},
  volume    = 27,
  number    = 6,
  pages     = {224--232}
}

@article{ellegren2007evolution,
  title     = {{T}he evolution of sex-biased genes and sex-biased gene expression},
  author    = {Ellegren, Hans and Parsch, John},
  year      = 2007,
  journal   = {Nature Reviews Genetics},
  publisher = {Nature Publishing Group UK London},
  volume    = 8,
  number    = 9,
  pages     = {689--698}
}

@article{haag2005sex,
  title     = {{S}ex determination across evolution: connecting the dots},
  author    = {Haag, Eric S and Doty, Alana V},
  year      = 2005,
  journal   = {PLoS Biology},
  publisher = {Public Library of Science San Francisco, USA},
  volume    = 3,
  number    = 1,
  pages     = {e21}
}

@article{zhou2021platypus,
  title     = {{P}latypus and echidna genomes reveal mammalian biology and evolution},
  author    = {Zhou, Yang and Shearwin-Whyatt, Linda and Li, Jing and Song, Zhenzhen and Hayakawa, Takashi and Stevens, David and Fenelon, Jane C and Peel, Emma and Cheng, Yuanyuan and Pajpach, Filip and others},
  year      = 2021,
  journal   = {Nature},
  publisher = {Nature Publishing Group},
  volume    = 592,
  number    = 7856,
  pages     = {756--762}
}

@article{stammnitz2023evolution,
  title     = {{T}he evolution of two transmissible cancers in {T}asmanian devils},
  author    = {Stammnitz, Maximilian R and Gori, Kevin and Kwon, Young Mi and Harry, Edward and Martin, Fergal J and Billis, Konstantinos and Cheng, Yuanyuan and Baez-Ortega, Adrian and Chow, William and Comte, Sebastien and others},
  year      = 2023,
  journal   = {Science},
  publisher = {American Association for the Advancement of Science},
  volume    = 380,
  number    = 6642,
  pages     = {283--293}
}

@article{vilstrup2013mitochondrial,
  title     = {{M}itochondrial phylogenomics of modern and ancient equids},
  author    = {Vilstrup, Julia T and Seguin-Orlando, Andaine and Stiller, Mathias and Ginolhac, Aurelien and Raghavan, Maanasa and Nielsen, Sandra CA and Weinstock, Jacobo and Froese, Duane and Vasiliev, Sergei K and Ovodov, Nikolai D and others},
  year      = 2013,
  journal   = {PLoS One},
  publisher = {Public Library of Science San Francisco, USA},
  volume    = 8,
  number    = 2,
  pages     = {e55950}
}

@article{ghiselli2019natural,
  title     = {{N}atural heteroplasmy and mitochondrial inheritance in bivalve molluscs},
  author    = {Ghiselli, Fabrizio and Maurizii, Maria Gabriella and Reunov, Arkadiy and Ari{\~n}o-Bassols, Helena and Cifaldi, Carmine and Pecci, Andrea and Alexandrova, Yana and Bettini, Simone and Passamonti, Marco and Franceschini, Valeria and others},
  journal   = {Integrative and Comparative Biology},
  volume    = {59},
  number    = {4},
  pages     = {1016--1032},
  year      = {2019},
  publisher = {Oxford University Press}
}

@article{fouret2020sequencing,
  title     = {{S}equencing the genome of {I}ndian flying fox, natural reservoir of nipah virus, using hybrid assembly and conservative secondary scaffolding},
  author    = {Fouret, Julien and Brunet, Fr{\'e}d{\'e}ric G and Binet, Martin and Aurine, No{\'e}mie and Ench{\'e}ry, Francois and Croze, S{\'e}verine and Guinier, Marie and Goumaidi, Abdelghafar and Preininger, Doris and Volff, Jean-Nicolas and others},
  year      = 2020,
  journal   = {Frontiers in Microbiology},
  publisher = {Frontiers Media SA},
  volume    = 11,
  pages     = 1807
}

@article{bredemeyer2023single,
  title     = {{S}ingle-haplotype comparative genomics provides insights into lineage-specific structural variation during cat evolution},
  author    = {Bredemeyer, Kevin R and Hillier, LaDeana and Harris, Andrew J and Hughes, Graham M and Foley, Nicole M and Lawless, Colleen and Carroll, Rachel A and Storer, Jessica M and Batzer, Mark A and Rice, Edward S and others},
  year      = 2023,
  journal   = {Nature Genetics},
  publisher = {Nature Publishing Group US New York},
  volume    = 55,
  number    = 11,
  pages     = {1953--1963}
}

@article{moreno2024emx2,
  title     = {\textit{{E}mx2} underlies the development and evolution of marsupial gliding membranes},
  author    = {Moreno, Jorge A and Dudchenko, Olga and Feigin, Charles Y and Mereby, Sarah A and Chen, Zhuoxin and Ramos, Raul and Almet, Axel A and Sen, Harsha and Brack, Benjamin J and Johnson, Matthew R and others},
  year      = 2024,
  journal   = {Nature},
  publisher = {Nature Publishing Group UK London},
  pages     = {1--9}
}

@article{wang2021novel,
  title     = {{A} novel canine reference genome resolves genomic architecture and uncovers transcript complexity},
  author    = {Wang, Chao and Wallerman, Ola and Arendt, Maja-Louise and Sundstr{\"o}m, Elisabeth and Karlsson, {\AA}sa and Nordin, Jessika and M{\"a}kel{\"a}inen, Suvi and Pielberg, Gerli Rosengren and Hanson, Jeanette and Ohlsson, {\AA}sa and others},
  year      = 2021,
  journal   = {Communications Biology},
  publisher = {Nature Publishing Group UK London},
  volume    = 4,
  number    = 1,
  pages     = 185
}

@article{fan2019chromosome,
  title     = {{C}hromosome-level genome assembly for giant panda provides novel insights into {C}arnivora chromosome evolution},
  author    = {Fan, Huizhong and Wu, Qi and Wei, Fuwen and Yang, Fengtang and Ng, Bee Ling and Hu, Yibo},
  year      = 2019,
  journal   = {Genome Biology},
  publisher = {Springer},
  volume    = 20,
  pages     = {1--12}
}

@article{xiong2009seven,
  title     = {{S}even new dolphin mitochondrial genomes and a time-calibrated phylogeny of whales},
  author    = {Xiong, YE and Brandley, Matthew C and Xu, Shixia and Zhou, Kaiya and Yang, Guang},
  year      = 2009,
  journal   = {BMC Evolutionary Biology},
  publisher = {Springer},
  volume    = 9,
  pages     = {1--13}
}

@article{elbers2019improving,
  title     = {{I}mproving {I}llumina assemblies with {H}i-{C} and long reads: {A}n example with the {N}orth {A}frican dromedary},
  author    = {Elbers, Jean P and Rogers, Mark F and Perelman, Polina L and Proskuryakova, Anastasia A and Serdyukova, Natalia A and Johnson, Warren E and Horin, Petr and Corander, Jukka and Murphy, David and Burger, Pamela A},
  year      = 2019,
  journal   = {Molecular Ecology Resources},
  publisher = {Wiley Online Library},
  volume    = 19,
  number    = 4,
  pages     = {1015--1026}
}

@article{deng2016novo,
  title     = {\textit{{D}e novo} transcriptome assembly of the {C}hinese swamp buffalo by {R}{N}{A} sequencing and {S}{S}{R} marker discovery},
  author    = {Deng, Tingxian and Pang, Chunying and Lu, Xingrong and Zhu, Peng and Duan, Anqin and Tan, Zhengzhun and Huang, Jian and Li, Hui and Chen, Mingtan and Liang, Xianwei},
  year      = 2016,
  journal   = {PLoS One},
  publisher = {Public Library of Science San Francisco, CA USA},
  volume    = 11,
  number    = 1,
  pages     = {e0147132}
}

@article{mead2020genome,
  title     = {{T}he genome sequence of the eastern grey squirrel, \textit{{S}ciurus carolinensis} {G}melin, 1788},
  author    = {Mead, Dan and Fingland, Kathryn and Cripps, Rachel and Miguez, Roberto Portela and Smith, Michelle and Corton, Craig and Oliver, Karen and Skelton, Jason and Betteridge, Emma and Doulcan, Jale and others},
  year      = 2020,
  journal   = {Wellcome Open Research},
  publisher = {The Wellcome Trust},
  volume    = 5
}

@article{orkin2021genomics,
  title     = {{T}he genomics of ecological flexibility, large brains, and long lives in capuchin monkeys revealed with fecal{F}{A}{C}{S}},
  author    = {Orkin, Joseph D and Montague, Michael J and Tejada-Martinez, Daniela and De Manuel, Marc and Del Campo, Javier and Cheves Hernandez, Saul and Di Fiore, Anthony and Fontsere, Claudia and Hodgson, Jason A and Janiak, Mareike C and others},
  year      = 2021,
  journal   = {Proceedings of the National Academy of Sciences},
  publisher = {National Acad Sciences},
  volume    = 118,
  number    = 7,
  pages     = {e2010632118}
}

@article{foote2015convergent,
  title     = {{C}onvergent evolution of the genomes of marine mammals},
  author    = {Foote, Andrew D and Liu, Yue and Thomas, Gregg WC and Vina{\v{r}}, Tom{\'a}{\v{s}} and Alf{\"o}ldi, Jessica and Deng, Jixin and Dugan, Shannon and van Elk, Cornelis E and Hunter, Margaret E and Joshi, Vandita and others},
  year      = 2015,
  journal   = {Nature Genetics},
  publisher = {Nature Publishing Group US New York},
  volume    = 47,
  number    = 3,
  pages     = {272--275}
}

@article{murata2003afrotherian,
  title     = {{A}frotherian phylogeny as inferred from complete mitochondrial genomes},
  author    = {Murata, Yumie and Nikaido, Masato and Sasaki, Takeshi and Cao, Ying and Fukumoto, Yukio and Hasegawa, Masami and Okada, Norihiro},
  year      = 2003,
  journal   = {Molecular Phylogenetics and Evolution},
  publisher = {Elsevier},
  volume    = 28,
  number    = 2,
  pages     = {253--260}
}

@article{lozano2022practical,
  title     = {{A} practical guide to design and assess a phylogenomic study},
  author    = {Lozano-Fernandez, Jesus},
  year      = 2022,
  journal   = {Genome Biology and Evolution},
  publisher = {Oxford University Press},
  volume    = 14,
  number    = 9,
  pages     = {evac129}
}

@article{pamilo1997evolution,
  title   = {{E}volution of the \textit{{S}ry} genes},
  author  = {Pamilo, Pekka and O'Neill, RJ},
  year    = 1997,
  journal = {Molecular Biology and Evolution},
  volume  = 14,
  number  = 1,
  pages   = {49--55}
}

@article{meisel2011towards,
  title     = {{T}owards a more nuanced understanding of the relationship between sex-biased gene expression and rates of protein-coding sequence evolution},
  author    = {Meisel, Richard P},
  year      = 2011,
  journal   = {Molecular Biology and Evolution},
  publisher = {Oxford University Press},
  volume    = 28,
  number    = 6,
  pages     = {1893--1900}
}

@article{civetta1998sex,
  title   = {{S}ex-related genes, directional sexual selection, and speciation},
  author  = {Civetta, Alberto and Singh, Rama S},
  year    = 1998,
  journal = {Molecular Biology and Evolution},
  volume  = 15,
  number  = 7,
  pages   = {901--909}
}

@article{mank2007fastZ,
  title     = {{F}ast-{X} on the {Z}: rapid evolution of sex-linked genes in birds},
  author    = {Mank, Judith E and Axelsson, Erik and Ellegren, Hans},
  year      = 2007,
  journal   = {Genome Research},
  publisher = {Cold Spring Harbor Lab},
  volume    = 17,
  number    = 5,
  pages     = {618--624}
}

@article{manni2021busco,
  title     = {{B}{U}{S}{C}{O} update: novel and streamlined workflows along with broader and deeper phylogenetic coverage for scoring of eukaryotic, prokaryotic, and viral genomes},
  author    = {Manni, Mos{\`e} and Berkeley, Matthew R and Seppey, Mathieu and Sim{\~a}o, Felipe A and Zdobnov, Evgeny M},
  year      = 2021,
  journal   = {Molecular Biology and Evolution},
  publisher = {Oxford University Press},
  volume    = 38,
  number    = 10,
  pages     = {4647--4654}
}

@article{mawaribuchi2019independent,
  title     = {{I}ndependent evolution for sex determination and differentiation in the \textit{{D}{M}{R}{T}} family in animals},
  author    = {Mawaribuchi, Shuuji and Ito, Yuzuru and Ito, Michihiko},
  year      = 2019,
  journal   = {Biology Open},
  publisher = {The Company of Biologists Ltd},
  volume    = 8,
  number    = 8,
  pages     = {bio041962}
}

@article{mazet2003phylogenetic,
  title     = {{P}hylogenetic relationships of the {F}ox ({F}orkhead) gene family in the {B}ilateria},
  author    = {Mazet, Fran{\c{c}}oise and Yu, Jr-Kai and Liberles, David A and Holland, Linda Z and Shimeld, Sebastian M},
  year      = 2003,
  journal   = {Gene},
  publisher = {Elsevier},
  volume    = 316,
  pages     = {79--89}
}

@article{mccartney2022genome,
  title     = {{T}he genome of the zebra mussel, \textit{{D}reissena polymorpha}: a resource for comparative genomics, invasion genetics, and biocontrol},
  author    = {McCartney, Michael A and Auch, Benjamin and Kono, Thomas and Mallez, Sophie and Zhang, Ying and Obille, Angelico and Becker, Aaron and Abrahante, Juan E and Garbe, John and Badalamenti, Jonathan P and others},
  year      = 2022,
  journal   = {G3: Genes, Genomes, Genetics},
  publisher = {Oxford University Press},
  volume    = 12,
  number    = 2,
  pages     = {jkab423}
}

@article{meisel2013faster,
  title     = {{T}he faster-{X} effect: integrating theory and data},
  author    = {Meisel, Richard P and Connallon, Tim},
  year      = 2013,
  journal   = {Trends in Genetics},
  publisher = {Elsevier},
  volume    = 29,
  number    = 9,
  pages     = {537--544}
}

@article{milani2011doubly,
  title     = {{D}oubly uniparental inheritance of mitochondria as a model system for studying germ line formation},
  author    = {Milani, Liliana and Ghiselli, Fabrizio and Maurizii, Maria Gabriella and Passamonti, Marco},
  year      = 2011,
  journal   = {PLoS One},
  publisher = {Public Library of Science San Francisco, USA},
  volume    = 6,
  number    = 11,
  pages     = {e28194}
}

@article{milani2020faraway,
  title     = {{F}araway, so close. {T}he comparative method and the potential of non-model animals in mitochondrial research},
  author    = {Milani, Liliana and Ghiselli, Fabrizio},
  year      = 2020,
  journal   = {Philosophical Transactions of the Royal Society B},
  publisher = {The Royal Society},
  volume    = 375,
  number    = 1790,
  pages     = 20190186
}

@article{minh2020iq,
  title     = {{I}{Q}-{T}{R}{E}{E} 2: new models and efficient methods for phylogenetic inference in the genomic era},
  author    = {Minh, Bui Quang and Schmidt, Heiko A and Chernomor, Olga and Schrempf, Dominik and Woodhams, Michael D and Von Haeseler, Arndt and Lanfear, Robert},
  year      = 2020,
  journal   = {Molecular Biology and Evolution},
  publisher = {Oxford University Press},
  volume    = 37,
  number    = 5,
  pages     = {1530--1534}
}

@article{nakagawa2013dna,
  title     = {{D}{N}{A}-binding specificity changes in the evolution of forkhead transcription factors},
  author    = {Nakagawa, So and Gisselbrecht, Stephen S and Rogers, Julia M and Hartl, Daniel L and Bulyk, Martha L},
  year      = 2013,
  journal   = {Proceedings of the National Academy of Sciences},
  publisher = {National Acad Sciences},
  volume    = 110,
  number    = 30,
  pages     = {12349--12354}
}

@article{natsidis2021systematic,
  title     = {{S}ystematic errors in orthology inference and their effects on evolutionary analyses},
  author    = {Natsidis, Paschalis and Kapli, Paschalia and Schiffer, Philipp H and Telford, Maximilian J},
  year      = 2021,
  journal   = {iScience},
  publisher = {Elsevier},
  volume    = 24,
  number    = 2
}

@article{panara2019phylogenetic,
  title     = {{P}hylogenetic analysis and embryonic expression of panarthropod {D}mrt genes},
  author    = {Panara, Virginia and Budd, Graham E and Janssen, Ralf},
  year      = 2019,
  journal   = {Frontiers in Zoology},
  publisher = {Springer},
  volume    = 16,
  pages     = {1--18}
}

@article{perez2011cytogenetic,
  title     = {{C}ytogenetic characterization of the invasive mussel species \textit{{X}enostrobus securis} {L}mk. ({B}ivalvia: {M}ytilidae)},
  author    = {Perez-Garcia, Concepcion and Moran, Paloma and Pasantes, Juan J},
  year      = 2011,
  journal   = {Genome},
  publisher = {NRC Research Press},
  volume    = 54,
  number    = {09},
  pages     = {771--778}
}

@article{phochanukul2010no,
  title     = {{N}o backbone but lots of {S}ox: {I}nvertebrate {S}ox genes},
  author    = {Phochanukul, Nichanun and Russell, Steven},
  year      = 2010,
  journal   = {The International Journal of Biochemistry \& Cell Biology},
  publisher = {Elsevier},
  volume    = 42,
  number    = 3,
  pages     = {453--464}
}

@article{piccinini2021mitonuclear,
  title     = {{M}itonuclear coevolution, but not nuclear compensation, drives evolution of {O}{X}{P}{H}{O}{S} complexes in bivalves},
  author    = {Piccinini, Giovanni and Iannello, Mariangela and Puccio, Guglielmo and Plazzi, Federico and Havird, Justin C and Ghiselli, Fabrizio},
  year      = 2021,
  journal   = {Molecular Biology and Evolution},
  publisher = {Oxford University Press},
  volume    = 38,
  number    = 6,
  pages     = {2597--2614}
}

@article{sun2017adaptation,
  title     = {{A}daptation to deep-sea chemosynthetic environments as revealed by mussel genomes},
  author    = {Sun, Jin and Zhang, YU and Xu, Ting and Zhang, Yang and Mu, Huawei and Zhang, Yanjie and Lan, Yi and Fields, Christopher J and Hui, Jerome Ho Lam and Zhang, Weipeng and others},
  year      = 2017,
  journal   = {Nature Ecology \& Evolution},
  publisher = {Nature Publishing Group UK London},
  volume    = 1,
  number    = 5,
  pages     = {0121}
}

@article{paggeot2022reference,
  title     = {{R}eference genome for the {C}alifornia ribbed mussel, \textit{{M}ytilus californianus}, an ecosystem engineer},
  author    = {Paggeot, Lisa X and DeBiasse, Melissa B and Escalona, Merly and Fairbairn, Colin and Marimuthu, Mohan PA and Nguyen, Oanh and Sahasrabudhe, Ruta and Dawson, Michael N},
  year      = 2022,
  journal   = {Journal of Heredity},
  publisher = {Oxford University Press US},
  volume    = 113,
  number    = 6,
  pages     = {681--688}
}

@article{powell2018genome,
  title     = {{T}he genome of the oyster \textit{{S}accostrea} offers insight into the environmental resilience of bivalves},
  author    = {Powell, Daniel and Subramanian, Sankar and Suwansa-Ard, Saowaros and Zhao, Min and O’Connor, Wayne and Raftos, David and Elizur, Abigail},
  year      = 2018,
  journal   = {DNA Research},
  publisher = {Oxford University Press},
  volume    = 25,
  number    = 6,
  pages     = {655--665}
}

@article{purandare2014accelerated,
  title     = {{A}ccelerated evolution of morph-biased genes in pea aphids},
  author    = {Purandare, Swapna R and Bickel, Ryan D and Jaquiery, Julie and Rispe, Claude and Brisson, Jennifer A},
  year      = 2014,
  journal   = {Molecular Biology and Evolution},
  publisher = {Oxford University Press},
  volume    = 31,
  number    = 8,
  pages     = {2073--2083}
}

@article{ran2019chromosome,
  title     = {{C}hromosome-level genome assembly of the razor clam \textit{{S}inonovacula constricta} ({L}amarck, 1818)},
  author    = {Ran, Zhaoshou and Li, Zhenzhen and Yan, Xiaojun and Liao, Kai and Kong, Fei and Zhang, Lin and Cao, Jiayi and Zhou, Chengxu and Zhu, Peng and He, Shan and others},
  year      = 2019,
  journal   = {Molecular Ecology Resources},
  publisher = {Wiley Online Library},
  volume    = 19,
  number    = 6,
  pages     = {1647--1658}
}

@article{rozewicki2019mafft,
  title     = {{M}{A}{F}{F}{T}-{D}{A}{S}{H}: integrated protein sequence and structural alignment},
  author    = {Rozewicki, John and Li, Songling and Amada, Karlou Mar and Standley, Daron M and Katoh, Kazutaka},
  year      = 2019,
  journal   = {Nucleic Acids Research},
  publisher = {Oxford University Press},
  volume    = 47,
  number    = {W1},
  pages     = {W5--W10}
}

@article{schliep2011phangorn,
  title     = {phangorn: phylogenetic analysis in {R}},
  author    = {Schliep, Klaus Peter},
  year      = 2011,
  journal   = {Bioinformatics},
  publisher = {Oxford University Press},
  volume    = 27,
  number    = 4,
  pages     = {592--593}
}

@article{shi2015novo,
  title     = {{D}e novo transcriptome sequencing to identify the sex-determination genes in \textit{{H}yriopsis schlegelii}},
  author    = {Shi, Jianwu and Hong, Yijiang and Sheng, Junqing and Peng, Kou and Wang, Junhua},
  year      = 2015,
  journal   = {Bioscience, Biotechnology, and Biochemistry},
  publisher = {Oxford University Press},
  volume    = 79,
  number    = 8,
  pages     = {1257--1265}
}

@article{shimeld2010clustered,
  title     = {{C}lustered {F}ox genes in lophotrochozoans and the evolution of the bilaterian {F}ox gene cluster},
  author    = {Shimeld, Sebastian M and Boyle, Michael J and Brunet, Thibaut and Luke, Graham N and Seaver, Elaine C},
  year      = 2010,
  journal   = {Developmental Biology},
  publisher = {Elsevier},
  volume    = 340,
  number    = 2,
  pages     = {234--248}
}

@article{sievers2011fast,
  title     = {{F}ast, scalable generation of high-quality protein multiple sequence alignments using {C}lustal {O}mega},
  author    = {Sievers, Fabian and Wilm, Andreas and Dineen, David and Gibson, Toby J and Karplus, Kevin and Li, Weizhong and Lopez, Rodrigo and McWilliam, Hamish and Remmert, Michael and S{\"o}ding, Johannes and others},
  year      = 2011,
  journal   = {Molecular Systems Biology},
  publisher = {John Wiley \& Sons, Ltd Chichester, UK},
  volume    = 7,
  number    = 1,
  pages     = 539
}

@article{smith2021high,
  title     = {{A} high-quality reference genome for a parasitic bivalve with doubly uniparental inheritance ({B}ivalvia: {U}nionida)},
  author    = {Smith, Chase H},
  year      = 2021,
  journal   = {Genome Biology and Evolution},
  publisher = {Oxford University Press},
  volume    = 13,
  number    = 3,
  pages     = {evab029}
}

@article{song2021hard,
  title     = {{T}he hard clam genome reveals massive expansion and diversification of inhibitors of apoptosis in {B}ivalvia},
  author    = {Song, Hao and Guo, Ximing and Sun, Lina and Wang, Qianghui and Han, Fengming and Wang, Haiyan and Wray, Gregory A and Davidson, Phillip and Wang, Qing and Hu, Zhi and others},
  year      = 2021,
  journal   = {BMC Biology},
  publisher = {Springer},
  volume    = 19,
  pages     = {1--20}
}

@article{stothard2003sex,
  title     = {{S}ex-determination gene and pathway evolution in nematodes},
  author    = {Stothard, Paul and Pilgrim, Dave},
  year      = 2003,
  journal   = {BioEssays},
  publisher = {Wiley Online Library},
  volume    = 25,
  number    = 3,
  pages     = {221--231}
}

@article{tree2014tree,
  title     = {{T}ree of sex: a database of sexual systems},
  author    = {Tree of Sex Consortium},
  year      = 2014,
  journal   = {Scientific Data},
  publisher = {Nature Publishing Group},
  volume    = 1
}

@article{tu2006sea,
  title     = {{S}ea urchin {F}orkhead gene family: phylogeny and embryonic expression},
  author    = {Tu, Qiang and Brown, C Titus and Davidson, Eric H and Oliveri, Paola},
  year      = 2006,
  journal   = {Developmental Biology},
  publisher = {Elsevier},
  volume    = 300,
  number    = 1,
  pages     = {49--62}
}

@article{uller2011origin,
  title     = {{F}rom the origin of sex-determining factors to the evolution of sex-determining systems},
  author    = {Uller, Tobias and Helanter{\"a}, Heikki},
  year      = 2011,
  journal   = {The Quarterly Review of Biology},
  publisher = {The University of Chicago Press},
  volume    = 86,
  number    = 3,
  pages     = {163--180}
}

@article{todd2016bending,
  title     = {{B}ending genders: the biology of natural sex change in fish},
  author    = {Todd, Erica V and Liu, Hui and Muncaster, Simon and Gemmell, Neil J},
  year      = 2016,
  journal   = {Sexual Development},
  publisher = {S. Karger AG},
  volume    = 10,
  number    = {5-6},
  pages     = {223--241}
}

@article{wilkins1995moving,
  title     = {{M}oving up the hierarchy: a hypothesis on the evolution of a genetic sex determination pathway},
  author    = {Wilkins, Adam S},
  year      = 1995,
  journal   = {BioEssays},
  publisher = {Wiley Online Library},
  volume    = 17,
  number    = 1,
  pages     = {71--77}
}

@article{verhulst2010insect,
  title     = {{I}nsect sex determination: it all evolves around \textit{transformer}},
  author    = {Verhulst, Eveline C and van de Zande, Louis and Beukeboom, Leo W},
  year      = 2010,
  journal   = {Current Opinion in Genetics \& Development},
  publisher = {Elsevier},
  volume    = 20,
  number    = 4,
  pages     = {376--383}
}

@article{vicoso2006evolutionXchrom,
  title     = {{E}volution on the {X} chromosome: unusual patterns and processes},
  author    = {Vicoso, Beatriz and Charlesworth, Brian},
  year      = 2006,
  journal   = {Nature Reviews Genetics},
  publisher = {Nature Publishing Group UK London},
  volume    = 7,
  number    = 8,
  pages     = {645--653}
}

@article{vizueta2020bitacora,
  title     = {{B}itacora: {A} comprehensive tool for the identification and annotation of gene families in genome assemblies},
  author    = {Vizueta Moraga, Joel and S{\'a}nchez-Gracia, Alejandro and Rozas Liras, Julio A},
  year      = 2020,
  journal   = {Molecular Ecology Resources},
  volume    = 20,
  number    = 5,
  pages     = {1445--1452},
  publisher = {John Wiley \& Sons}
}

@article{wang2023genome,
  title     = {{G}enome-wide identification and expression analysis of {D}mrt genes in bivalves},
  author    = {Wang, Quanchao and Cao, Tiangui and Wang, Chunde},
  year      = 2023,
  journal   = {BMC Genomics},
  publisher = {Springer},
  volume    = 24,
  number    = 1,
  pages     = 457
}

@article{wang2017scallop,
  title     = {{S}callop genome provides insights into evolution of bilaterian karyotype and development},
  author    = {Wang, Shi and Zhang, Jinbo and Jiao, Wenqian and Li, JI and Xun, Xiaogang and Sun, Yan and Guo, Ximing and Huan, Pin and Dong, Bo and Zhang, Lingling and others},
  year      = 2017,
  journal   = {Nature Ecology \& Evolution},
  publisher = {Nature Publishing Group UK London},
  volume    = 1,
  number    = 5,
  pages     = {0120}
}

@article{wang2015nasonia,
  title     = {{G}enetic and epigenetic architecture of sex-biased expression in the jewel wasps \textit{{N}asonia vitripennis} and \textit{giraulti}},
  author    = {Wang, Xu and Werren, John H and Clark, Andrew G},
  year      = 2015,
  journal   = {Proceedings of the National Academy of Sciences},
  publisher = {National Acad Sciences},
  volume    = 112,
  number    = 27,
  pages     = {E3545--E3554}
}

@article{wei2020chromosome,
  title     = {{C}hromosome-level clam genome helps elucidate the molecular basis of adaptation to a buried lifestyle},
  author    = {Wei, Min and Ge, Hongxing and Shao, Changwei and Yan, Xiwu and Nie, Hongtao and Duan, Haibao and Liao, Xiaoting and Zhang, Min and Chen, Yihua and Zhang, Dongdong and others},
  year      = 2020,
  journal   = {iScience},
  publisher = {Elsevier},
  volume    = 23,
  number    = 6
}

@article{wexler2014pan,
  title     = {{P}an-metazoan phylogeny of the {D}{M}{R}{T} gene family: a framework for functional studies},
  author    = {Wexler, Judith R and Plachetzki, David C and Kopp, Artyom},
  year      = 2014,
  journal   = {Development Genes and Evolution},
  publisher = {Springer},
  volume    = 224,
  pages     = {175--181}
}

@article{wu2020identification,
  title     = {{I}dentification and expression profiles of {F}ox transcription factors in the {Y}esso scallop ({P}atinopecten yessoensis)},
  author    = {Wu, Shaoxuan and Zhang, Yang and Li, Yajuan and Wei, Huilan and Guo, Zhenyi and Wang, Shi and Zhang, Lingling and Bao, Zhenmin},
  year      = 2020,
  journal   = {Gene},
  publisher = {Elsevier},
  volume    = 733,
  pages     = 144387
}

@article{xu2022lack,
  title     = {{L}ack of transcriptional coordination between mitochondrial and nuclear oxidative phosphorylation genes in the presence of two divergent mitochondrial genomes},
  author    = {Xu, Ran and Iannello, Mariangela and Havird, Justin C and Milani, Liliana and Ghiselli, Fabrizio},
  year      = 2022,
  journal   = {Zoological Research},
  publisher = {Editorial Office of Zoological Research, Kunming Institute of Zoology, The~…},
  volume    = 43,
  number    = 1,
  pages     = 111,
  sortyear  = {2022-1}
}

@article{xu2022multi,
  title     = {{M}ulti-tissue {R}{N}{A}-{S}eq analysis and long-read-based genome assembly reveal complex sex-specific gene regulation and molecular evolution in the {M}anila clam},
  author    = {Xu, Ran and Martelossi, Jacopo and Smits, Morgan and Iannello, Mariangela and Peruzza, Luca and Babbucci, Massimiliano and Milan, Massimo and Dunham, Joseph P and Breton, Sophie and Milani, Liliana and others},
  year      = 2022,
  journal   = {Genome Biology and Evolution},
  publisher = {Oxford University Press US},
  volume    = 14,
  number    = 12,
  pages     = {evac171},
  sortyear  = {2022-1}
}

@article{yang2021chromosome,
  title     = {{C}hromosome-level genome assembly of the hard-shelled mussel \textit{{M}ytilus coruscus}, a widely distributed species from the temperate areas of {E}ast {A}sia},
  author    = {Yang, Jin-Long and Feng, Dan-Dan and Liu, Jie and Xu, Jia-Kang and Chen, Ke and Li, Yi-Feng and Zhu, You-Ting and Liang, Xiao and Lu, Ying},
  year      = 2021,
  journal   = {GigaScience},
  publisher = {Oxford University Press},
  volume    = 10,
  number    = 4,
  pages     = {giab024}
}

@article{whitfield1993rapid,
  title     = {{R}apid sequence evolution of the mammalian sex-determining gene {S}{R}{Y}},
  author    = {Whitfield, L Simon and Lovell-Badge, Robin and Goodfellow, Peter N},
  year      = 1993,
  journal   = {Nature},
  publisher = {Nature Publishing Group UK London},
  volume    = 364,
  number    = 6439,
  pages     = {713--715}
}

@article{ghiselli2018comparative,
  title     = {{C}omparative transcriptomics in two bivalve species offers different perspectives on the evolution of sex-biased genes},
  author    = {Ghiselli, Fabrizio and Iannello, Mariangela and Puccio, Guglielmo and Chang, Peter L and Plazzi, Federico and Nuzhdin, Sergey V and Passamonti, Marco},
  year      = 2018,
  journal   = {Genome Biology and Evolution},
  publisher = {Oxford University Press},
  volume    = 10,
  number    = 6,
  pages     = {1389--1402}
}

@article{yang2014phylogeny,
  title     = {{P}hylogeny of forkhead genes in three spiralians and their expression in {P}acific oyster \textit{{C}rassostrea gigas}},
  author    = {Yang, Mei and Xu, Fei and Liu, Jun and Que, Huayong and Li, Li and Zhang, Guofan},
  year      = 2014,
  journal   = {Chinese Journal of Oceanology and Limnology},
  publisher = {Springer},
  volume    = 32,
  number    = 6,
  pages     = {1207--1223}
}

@article{yu2017ggtree,
  title     = {ggtree: an {R} package for visualization and annotation of phylogenetic trees with their covariates and other associated data},
  author    = {Yu, Guangchuang and Smith, David K and Zhu, Huachen and Guan, Yi and Lam, Tommy Tsan-Yuk},
  year      = 2017,
  journal   = {Methods in Ecology and Evolution},
  publisher = {Wiley Online Library},
  volume    = 8,
  number    = 1,
  pages     = {28--36},
  sortyear  = {2017-1}
}

@article{yu2017genome,
  title     = {{G}enome-wide identification and expression profiling of the {S}{O}{X} gene family in a bivalve mollusc \textit{{P}atinopecten yessoensis}},
  author    = {Yu, Jiachen and Zhang, Lingling and Li, Yangping and Li, Ruojiao and Zhang, Meiwei and Li, Wanru and Xie, Xinran and Wang, Shi and Hu, Xiaoli and Bao, Zhenmin},
  year      = 2017,
  journal   = {Gene},
  publisher = {Elsevier},
  volume    = 627,
  pages     = {530--537},
  sortyear  = {2017-2}
}

@article{yu2008fox,
  title     = {{T}he {F}ox genes of \textit{{B}ranchiostoma floridae}},
  author    = {Yu, Jr-Kai and Mazet, Francoise and Chen, Yen-Ta and Huang, Song-Wei and Jung, Kuo-Chen and Shimeld, Sebastian M},
  year      = 2008,
  journal   = {Development Genes and Evolution},
  publisher = {Springer},
  volume    = 218,
  pages     = {629--638}
}

@article{zeng2024genome,
  title     = {{G}enome-wide identification and expression analysis of {D}mrt gene family and their role in gonad development of {P}acific oyster ({C}rassostrea gigas)},
  author    = {Zeng, Yetao and Zheng, Haiqian and He, Cheng and Zhang, Chuanxu and Zhang, Hongkuan and Zheng, Huaiping},
  year      = 2024,
  journal   = {Comparative Biochemistry and Physiology Part B: Biochemistry and Molecular Biology},
  publisher = {Elsevier},
  volume    = 269,
  pages     = 110904
}